Ticker,Date,Revenue,Operating Income,Net Income,EBITDA,Total assets,Total liabilities,Total debt,Receivables,Cash and cash equivalents,Operating Cash Flow,Free Cash Flow,Investing Cash flow,Financing Cash Flow,Adj Close
AAPL,2003-03-31,1475000000.0,-4000000.0,14000000.0,51000000.0,6361000000.0,2222000000.0,310000000.0,621000000.0,3410000000.0,98000000.0,58000000.0,697000000.0,3000000.0,0.2203810356679509
AAPL,2003-06-30,1545000000.0,9000000.0,19000000.0,59000000.0,6441000000.0,2243000000.0,307000000.0,674000000.0,3507000000.0,8000000.0,-38000000.0,74000000.0,15000000.0,0.2509274723983946
AAPL,2003-09-30,1715000000.0,31000000.0,44000000.0,80000000.0,6815000000.0,2592000000.0,304000000.0,950000000.0,3396000000.0,73000000.0,15000000.0,-180000000.0,-4000000.0,0.3174511678516865
AAPL,2003-12-31,2006000000.0,74000000.0,63000000.0,122000000.0,6971000000.0,2641000000.0,302000000.0,787000000.0,3724000000.0,219000000.0,175000000.0,77000000.0,32000000.0,0.3293966762721538
AAPL,2004-03-31,1909000000.0,52000000.0,46000000.0,101000000.0,6735000000.0,2245000000.0,0.0,758000000.0,3158000000.0,61000000.0,26000000.0,-403000000.0,-224000000.0,0.3637744087365365
AAPL,2004-06-30,2014000000.0,72000000.0,61000000.0,126000000.0,7223000000.0,2411000000.0,0.0,852000000.0,3120000000.0,211000000.0,173000000.0,-460000000.0,211000000.0,0.4334384241411763
AAPL,2004-09-30,2350000000.0,128000000.0,106000000.0,187000000.0,8050000000.0,2974000000.0,0.0,1050000000.0,2969000000.0,443000000.0,384000000.0,-702000000.0,108000000.0,0.5021818396635354
AAPL,2004-12-31,3490000000.0,403000000.0,295000000.0,470000000.0,9362000000.0,3572000000.0,0.0,1197000000.0,2475000000.0,775000000.0,717000000.0,-1523000000.0,254000000.0,0.8403137838467956
AAPL,2005-03-31,3243000000.0,402000000.0,290000000.0,476000000.0,10111000000.0,3725000000.0,0.0,1242000000.0,2254000000.0,536000000.0,493000000.0,-909000000.0,152000000.0,1.1953955107047909
AAPL,2005-06-30,3520000000.0,427000000.0,320000000.0,519000000.0,10488000000.0,3667000000.0,0.0,1101000000.0,3094000000.0,472000000.0,409000000.0,305000000.0,63000000.0,1.1452289372682571
AAPL,2005-09-30,3678000000.0,418000000.0,430000000.0,529000000.0,11551000000.0,4085000000.0,0.0,1312000000.0,3491000000.0,752000000.0,656000000.0,-429000000.0,74000000.0,1.3823523819446564
AAPL,2005-12-31,5749000000.0,750000000.0,565000000.0,883000000.0,14181000000.0,5801000000.0,0.0,2413000000.0,4150000000.0,283000000.0,201000000.0,93000000.0,283000000.0,1.919981044436258
AAPL,2006-03-31,4359000000.0,529000000.0,410000000.0,655000000.0,13911000000.0,5229000000.0,0.0,1984000000.0,6346000000.0,-125000000.0,-318000000.0,2462000000.0,-141000000.0,2.121311970295445
AAPL,2006-06-30,4370000000.0,566000000.0,472000000.0,718000000.0,15114000000.0,5784000000.0,0.0,2094000000.0,8013000000.0,1007000000.0,770000000.0,531000000.0,129000000.0,1.9359915805241417
AAPL,2006-09-30,4837000000.0,608000000.0,542000000.0,787000000.0,17205000000.0,7221000000.0,0.0,2845000000.0,6392000000.0,1055000000.0,910000000.0,-2729000000.0,53000000.0,2.0019245980277893
AAPL,2006-12-31,7115000000.0,1322000000.0,1004000000.0,1522000000.0,19461000000.0,8233000000.0,0.0,3113000000.0,7159000000.0,1813000000.0,1556000000.0,-1234000000.0,188000000.0,2.504494610286894
AAPL,2007-03-31,5264000000.0,986000000.0,770000000.0,1203000000.0,18711000000.0,6450000000.0,0.0,1667000000.0,7095000000.0,734000000.0,528000000.0,-978000000.0,180000000.0,2.6764686576655654
AAPL,2007-06-30,5410000000.0,1041000000.0,818000000.0,1277000000.0,21647000000.0,8243000000.0,0.0,2901000000.0,7118000000.0,1227000000.0,938000000.0,-1433000000.0,229000000.0,3.27477528935387
AAPL,2007-09-30,6217000000.0,1060000000.0,904000000.0,1323000000.0,25347000000.0,10815000000.0,0.0,4029000000.0,9352000000.0,1696000000.0,1462000000.0,396000000.0,142000000.0,4.10055529125153
AAPL,2007-12-31,9608000000.0,2126000000.0,1581000000.0,2432000000.0,30039000000.0,13235000000.0,0.0,4422000000.0,9162000000.0,2787000000.0,2555000000.0,-3462000000.0,485000000.0,5.39969826489687
AAPL,2008-03-31,7512000000.0,1315000000.0,1045000000.0,1593000000.0,30471000000.0,12418000000.0,0.0,3620000000.0,9070000000.0,1193000000.0,978000000.0,-1362000000.0,77000000.0,4.206955030316212
AAPL,2008-06-30,7464000000.0,1392000000.0,1072000000.0,1627000000.0,31709000000.0,12087000000.0,0.0,3245000000.0,9373000000.0,1321000000.0,991000000.0,-1372000000.0,354000000.0,5.247910693287849
AAPL,2008-09-30,7895000000.0,1442000000.0,1136000000.0,1716000000.0,39572000000.0,18542000000.0,0.0,4704000000.0,11875000000.0,4295000000.0,3873000000.0,-1993000000.0,200000000.0,4.841982021927834
AAPL,2008-12-31,10167000000.0,2126000000.0,1605000000.0,2442000000.0,42787000000.0,19878000000.0,0.0,3413000000.0,7236000000.0,3938000000.0,3585000000.0,-8639000000.0,62000000.0,2.8704636059701443
AAPL,2009-03-31,8163000000.0,1667000000.0,1205000000.0,1902000000.0,43237000000.0,18926000000.0,0.0,3036000000.0,4466000000.0,841000000.0,725000000.0,-3685000000.0,74000000.0,2.8292779179870107
AAPL,2009-06-30,8337000000.0,1672000000.0,1229000000.0,1908000000.0,48140000000.0,22252000000.0,0.0,4180000000.0,5605000000.0,2270000000.0,1998000000.0,-1339000000.0,208000000.0,3.912902082715716
AAPL,2009-09-30,9870000000.0,2193000000.0,1665000000.0,2435000000.0,53851000000.0,26019000000.0,0.0,5057000000.0,5263000000.0,3110000000.0,2638000000.0,-3771000000.0,319000000.0,4.965461619198322
AAPL,2009-12-31,15683000000.0,4725000000.0,3378000000.0,4967000000.0,53926000000.0,18158000000.0,0.0,4881000000.0,7609000000.0,5781000000.0,5400000000.0,-3958000000.0,523000000.0,5.964789196848869
AAPL,2010-03-31,13499000000.0,3979000000.0,3074000000.0,4245000000.0,57057000000.0,17709000000.0,0.0,2886000000.0,10018000000.0,2330000000.0,2029000000.0,-83000000.0,162000000.0,6.3753500219251285
AAPL,2010-06-30,15700000000.0,4234000000.0,3253000000.0,4565000000.0,64725000000.0,21614000000.0,0.0,6399000000.0,9705000000.0,4801000000.0,4175000000.0,-5430000000.0,316000000.0,7.702207179296584
AAPL,2010-09-30,20343000000.0,5447000000.0,4308000000.0,5790000000.0,75183000000.0,27392000000.0,0.0,9924000000.0,11261000000.0,5683000000.0,4870000000.0,-4383000000.0,256000000.0,7.858413174748421
AAPL,2010-12-31,26741000000.0,7827000000.0,6004000000.0,8319000000.0,86742000000.0,32076000000.0,0.0,10874000000.0,10734000000.0,9773000000.0,8510000000.0,-10729000000.0,429000000.0,9.418258473277092
AAPL,2011-03-31,24667000000.0,7874000000.0,5987000000.0,8334000000.0,94904000000.0,33427000000.0,0.0,11095000000.0,15978000000.0,6219000000.0,5563000000.0,-1522000000.0,547000000.0,10.451972423061248
AAPL,2011-06-30,28571000000.0,9379000000.0,7308000000.0,10032000000.0,106758000000.0,37415000000.0,0.0,11471000000.0,12091000000.0,11108000000.0,10146000000.0,-15032000000.0,37000000.0,10.207944930545867
AAPL,2011-09-30,28270000000.0,8710000000.0,6623000000.0,9334000000.0,116371000000.0,39756000000.0,0.0,11717000000.0,9815000000.0,10429000000.0,5858000000.0,-13136000000.0,431000000.0,11.504993587732317
AAPL,2011-12-31,46333000000.0,17340000000.0,13064000000.0,18198000000.0,138681000000.0,48627000000.0,0.0,16484000000.0,10310000000.0,17554000000.0,16125000000.0,-17128000000.0,69000000.0,11.84206970154293
AAPL,2012-03-31,39186000000.0,15384000000.0,11622000000.0,16272000000.0,150934000000.0,48436000000.0,0.0,13769000000.0,10121000000.0,13977000000.0,12468000000.0,-14476000000.0,310000000.0,15.229109687189904
AAPL,2012-06-30,35023000000.0,11573000000.0,8824000000.0,12696000000.0,162896000000.0,51150000000.0,0.0,14298000000.0,7945000000.0,10189000000.0,7226000000.0,-12310000000.0,-55000000.0,17.569664758349223
AAPL,2012-09-30,35966000000.0,10944000000.0,8223000000.0,11874000000.0,176064000000.0,57854000000.0,0.0,18692000000.0,10746000000.0,9136000000.0,5635000000.0,-4313000000.0,-2022000000.0,19.41681062607538
AAPL,2012-12-31,54512000000.0,17210000000.0,13078000000.0,19260000000.0,196088000000.0,68742000000.0,0.0,21534000000.0,16154000000.0,23426000000.0,20971000000.0,-13521000000.0,-4497000000.0,17.589174162956976
AAPL,2013-03-31,43603000000.0,12558000000.0,9547000000.0,14597000000.0,194743000000.0,59253000000.0,0.0,13336000000.0,12053000000.0,12504000000.0,10205000000.0,-14357000000.0,-2248000000.0,14.266810878117878
AAPL,2013-06-30,35323000000.0,9201000000.0,6900000000.0,11182000000.0,199856000000.0,76502000000.0,16958000000.0,13453000000.0,11248000000.0,7828000000.0,5812000000.0,-6507000000.0,-2126000000.0,13.26559765636921
AAPL,2013-09-30,37472000000.0,10030000000.0,7512000000.0,12009000000.0,207000000000.0,83451000000.0,16960000000.0,20641000000.0,14259000000.0,9908000000.0,7602000000.0,611000000.0,-7508000000.0,14.395454168319702
AAPL,2013-12-31,57594000000.0,17463000000.0,13072000000.0,19937000000.0,225184000000.0,95500000000.0,16961000000.0,25198000000.0,14077000000.0,22670000000.0,20626000000.0,-15103000000.0,-7749000000.0,16.50387080013752
AAPL,2014-03-31,45646000000.0,13593000000.0,10223000000.0,15790000000.0,205989000000.0,85810000000.0,16962000000.0,15820000000.0,18949000000.0,13538000000.0,12052000000.0,11741000000.0,-20407000000.0,16.715204676643747
AAPL,2014-06-30,37432000000.0,10282000000.0,7748000000.0,12530000000.0,222520000000.0,101580000000.0,31040000000.0,16841000000.0,12977000000.0,10255000000.0,7824000000.0,-22214000000.0,5987000000.0,18.80791546049572
AAPL,2014-09-30,42123000000.0,11165000000.0,8467000000.0,13556000000.0,231839000000.0,120292000000.0,35295000000.0,27219000000.0,13844000000.0,13250000000.0,9398000000.0,2997000000.0,-15380000000.0,21.802040994167328
AAPL,2014-12-31,74599000000.0,24246000000.0,18024000000.0,27122000000.0,261894000000.0,138566000000.0,36403000000.0,29976000000.0,19478000000.0,33722000000.0,30457000000.0,-21165000000.0,-6923000000.0,24.281366914510727
AAPL,2015-03-31,58010000000.0,18278000000.0,13569000000.0,21206000000.0,261194000000.0,132188000000.0,43871000000.0,18164000000.0,14489000000.0,19081000000.0,16605000000.0,-22331000000.0,-1739000000.0,27.06306185487841
AAPL,2015-06-30,49605000000.0,14083000000.0,10677000000.0,17758000000.0,273151000000.0,147474000000.0,54418000000.0,19907000000.0,15319000000.0,14988000000.0,12899000000.0,-11403000000.0,-2755000000.0,28.779609165494403
AAPL,2015-09-30,51501000000.0,14623000000.0,11124000000.0,18419000000.0,290479000000.0,171124000000.0,64462000000.0,30343000000.0,21120000000.0,13475000000.0,9817000000.0,-1375000000.0,-6299000000.0,26.50088918209076
AAPL,2015-12-31,75872000000.0,24171000000.0,18361000000.0,27803000000.0,293284000000.0,165017000000.0,62963000000.0,24621000000.0,16689000000.0,27463000000.0,23457000000.0,-20450000000.0,-11444000000.0,25.93789380788803
AAPL,2016-03-31,50557000000.0,13987000000.0,10516000000.0,16940000000.0,305277000000.0,174820000000.0,79872000000.0,19824000000.0,21514000000.0,11601000000.0,9002000000.0,-13660000000.0,6884000000.0,22.731712216236552
AAPL,2016-06-30,42358000000.0,10105000000.0,7796000000.0,13404000000.0,305602000000.0,179061000000.0,84935000000.0,19042000000.0,18237000000.0,10634000000.0,7729000000.0,-4470000000.0,-9441000000.0,22.80074915289879
AAPL,2016-09-30,46852000000.0,11761000000.0,9014000000.0,15186000000.0,321686000000.0,193437000000.0,87032000000.0,29299000000.0,20484000000.0,16126000000.0,12088000000.0,-7397000000.0,-6482000000.0,24.42946594953537
AAPL,2016-12-31,78351000000.0,23359000000.0,17891000000.0,27692000000.0,331141000000.0,198751000000.0,87549000000.0,27977000000.0,16371000000.0,27056000000.0,23636000000.0,-19122000000.0,-12047000000.0,26.30005742633153
AAPL,2017-03-31,52896000000.0,14097000000.0,11029000000.0,17546000000.0,334532000000.0,200450000000.0,98522000000.0,20612000000.0,15157000000.0,12523000000.0,9508000000.0,-14202000000.0,465000000.0,30.686630525896625
AAPL,2017-06-30,45408000000.0,10768000000.0,8717000000.0,14264000000.0,345173000000.0,212748000000.0,108339000000.0,22632000000.0,18571000000.0,8363000000.0,6003000000.0,-3180000000.0,-1769000000.0,34.59276526314871
AAPL,2017-09-30,52579000000.0,13120000000.0,10714000000.0,17067000000.0,375319000000.0,241272000000.0,115680000000.0,35673000000.0,20289000000.0,15656000000.0,11656000000.0,-9942000000.0,-3996000000.0,36.445157913934615
AAPL,2017-12-31,88293000000.0,26274000000.0,20065000000.0,30509000000.0,406794000000.0,266595000000.0,122400000000.0,50899000000.0,27491000000.0,28293000000.0,25329000000.0,-13590000000.0,-7501000000.0,39.40124887133401
AAPL,2018-03-31,61137000000.0,15894000000.0,13822000000.0,19699000000.0,367502000000.0,240624000000.0,121840000000.0,22408000000.0,45059000000.0,15130000000.0,11089000000.0,28710000000.0,-26272000000.0,40.7476619657923
AAPL,2018-06-30,53265000000.0,12612000000.0,11519000000.0,16795000000.0,349197000000.0,234248000000.0,114600000000.0,26367000000.0,31971000000.0,14488000000.0,11221000000.0,3947000000.0,-31523000000.0,43.0968542098999
AAPL,2018-09-30,62900000000.0,16118000000.0,14125000000.0,20043000000.0,365725000000.0,258578000000.0,114483000000.0,48995000000.0,25913000000.0,19523000000.0,16482000000.0,-3001000000.0,-22580000000.0,49.67274014911954
AAPL,2018-12-31,84310000000.0,23346000000.0,19965000000.0,28191000000.0,373719000000.0,255827000000.0,114730000000.0,36981000000.0,44771000000.0,26690000000.0,23335000000.0,5844000000.0,-13676000000.0,46.389424278622585
AAPL,2019-03-31,58015000000.0,13415000000.0,11561000000.0,17843000000.0,341998000000.0,236138000000.0,112630000000.0,26278000000.0,37988000000.0,11155000000.0,8792000000.0,13348000000.0,-29457000000.0,40.76478876833056
AAPL,2019-06-30,53809000000.0,11544000000.0,10044000000.0,15710000000.0,322239000000.0,225783000000.0,108418000000.0,26474000000.0,50530000000.0,11636000000.0,9636000000.0,27502000000.0,-26804000000.0,47.00315148489816
AAPL,2019-09-30,64040000000.0,15625000000.0,13686000000.0,20116000000.0,338516000000.0,248028000000.0,108047000000.0,45804000000.0,48844000000.0,19910000000.0,17133000000.0,-798000000.0,-21039000000.0,50.63382625579834
AAPL,2019-12-31,91819000000.0,25569000000.0,22236000000.0,29519000000.0,340618000000.0,251087000000.0,108292000000.0,39946000000.0,39771000000.0,30516000000.0,28409000000.0,-13668000000.0,-25407000000.0,62.52134728431702
AAPL,2020-03-31,58313000000.0,12853000000.0,11249000000.0,16678000000.0,320400000000.0,241975000000.0,109507000000.0,30677000000.0,40174000000.0,13311000000.0,11458000000.0,9013000000.0,-20940000000.0,71.65158585579165
AAPL,2020-06-30,59685000000.0,13091000000.0,11253000000.0,16586000000.0,317344000000.0,245062000000.0,112723000000.0,32075000000.0,33383000000.0,16271000000.0,14706000000.0,-5165000000.0,-19116000000.0,75.70538729713077
AAPL,2020-09-30,64698000000.0,14775000000.0,12673000000.0,18237000000.0,323888000000.0,258549000000.0,112436000000.0,37445000000.0,38016000000.0,20576000000.0,18792000000.0,5531000000.0,-21357000000.0,106.83052253723145
AAPL,2020-12-31,111439000000.0,33534000000.0,28755000000.0,36883000000.0,354054000000.0,287830000000.0,112043000000.0,58620000000.0,36010000000.0,38763000000.0,35263000000.0,-8584000000.0,-32249000000.0,117.96359968185423
AAPL,2021-03-31,89584000000.0,27503000000.0,23630000000.0,31478000000.0,337158000000.0,267980000000.0,121645000000.0,33036000000.0,38466000000.0,23981000000.0,21712000000.0,-10368000000.0,-11326000000.0,126.08418223896965
AAPL,2021-06-30,81434000000.0,24126000000.0,21744000000.0,27866000000.0,329840000000.0,265560000000.0,121791000000.0,33908000000.0,34050000000.0,21094000000.0,19001000000.0,3572000000.0,-29396000000.0,127.4772698538644
AAPL,2021-09-30,83360000000.0,23786000000.0,20551000000.0,26909000000.0,351002000000.0,287912000000.0,124719000000.0,51506000000.0,34940000000.0,20200000000.0,16977000000.0,835000000.0,-20382000000.0,145.0787034034729
AAPL,2021-12-31,123945000000.0,41488000000.0,34630000000.0,44632000000.0,381191000000.0,309259000000.0,122798000000.0,65253000000.0,37119000000.0,46966000000.0,44163000000.0,-16106000000.0,-28159000000.0,155.9703562259674
AAPL,2022-03-31,97278000000.0,29979000000.0,25010000000.0,33567000000.0,350662000000.0,283263000000.0,119981000000.0,45400000000.0,28098000000.0,28166000000.0,25652000000.0,-9265000000.0,-28351000000.0,166.18398112635458
ADBE,2003-03-31,296895000.0,80508000.0,54225000.0,89457000.0,1087831000.0,390398000.0,0.0,158939000.0,142097000.0,79347000.0,71857000.0,-88138000.0,-34365000.0,13.988337829464772
ADBE,2003-06-30,320100000.0,91461000.0,64200000.0,107665000.0,1240000000.0,433000000.0,0.0,159000000.0,142000000.0,128091000.0,116399000.0,-162860000.0,33190000.0,17.152995548551043
ADBE,2003-09-30,319100000.0,92215000.0,64500000.0,107382000.0,1287000000.0,423000000.0,0.0,141000000.0,144000000.0,97083000.0,89401000.0,-82806000.0,-10963000.0,18.0496598482132
ADBE,2003-12-31,358600000.0,115263000.0,83300000.0,135175000.0,1555000000.0,454000000.0,0.0,174000000.0,190000000.0,128615000.0,116025000.0,-214588000.0,129156000.0,20.660690307617188
ADBE,2004-03-31,423300000.0,163262000.0,123000000.0,183638000.0,1692000000.0,474000000.0,0.0,155000000.0,200000000.0,185461000.0,171017000.0,-157714000.0,-18237000.0,18.88988553324053
ADBE,2004-06-30,410100000.0,141839000.0,109400000.0,167641000.0,1733000000.0,471000000.0,0.0,144000000.0,219000000.0,147000000.0,134509000.0,-59608000.0,-68002000.0,21.80805157076928
ADBE,2004-09-30,403700000.0,140314000.0,104500000.0,158328000.0,1721000000.0,495000000.0,0.0,137000000.0,199000000.0,160446000.0,146029000.0,-23970000.0,-156427000.0,22.572023183107376
ADBE,2004-12-31,429500000.0,146379000.0,113500000.0,174001000.0,1959000000.0,535000000.0,0.0,167000000.0,259000000.0,190837000.0,168963000.0,-35290000.0,18148000.0,28.90685856342316
ADBE,2005-03-31,472900000.0,170712000.0,151900000.0,199354000.0,2123000000.0,498000000.0,0.0,167000000.0,217000000.0,164097000.0,152585000.0,-227500000.0,22867000.0,31.0005217380211
ADBE,2005-06-30,496000000.0,182204000.0,149800000.0,211228000.0,2421000000.0,551000000.0,0.0,209000000.0,253000000.0,170982000.0,161858000.0,-204319000.0,71364000.0,30.917812407016758
ADBE,2005-09-30,487000000.0,183588000.0,144900000.0,224098000.0,2606000000.0,525000000.0,0.0,197000000.0,454000000.0,173021000.0,155551000.0,-26426000.0,52298000.0,27.93281254172325
ADBE,2005-12-31,510400000.0,191930000.0,156300000.0,234055000.0,2440000000.0,576000000.0,0.0,205000000.0,421000000.0,222253000.0,211484000.0,137882000.0,-393125000.0,33.261746088663735
ADBE,2006-03-31,655500000.0,129980000.0,105100000.0,233583000.0,5802000000.0,725000000.0,0.0,332000000.0,635000000.0,177801000.0,166167000.0,281982000.0,-246378000.0,38.15048383897351
ADBE,2006-06-30,635500000.0,147908000.0,123100000.0,250978000.0,5501000000.0,733000000.0,0.0,332000000.0,425000000.0,241266000.0,221583000.0,21557000.0,-475128000.0,32.694285740928045
ADBE,2006-09-30,602200000.0,110033000.0,94400000.0,211548000.0,5621000000.0,707000000.0,0.0,331000000.0,645000000.0,180191000.0,161339000.0,39006000.0,144000.0,32.03761900038946
ADBE,2006-12-31,682200000.0,163372000.0,183200000.0,358513000.0,5963000000.0,811000000.0,0.0,409000000.0,773000000.0,327981000.0,294900000.0,-147359000.0,-53314000.0,39.54412702530149
ADBE,2007-03-31,649400000.0,146337000.0,143900000.0,264888000.0,5904000000.0,796000000.0,0.0,368000000.0,526000000.0,270518000.0,222218000.0,-309849000.0,-205879000.0,39.70852467271149
ADBE,2007-06-30,745600000.0,180391000.0,152500000.0,314322000.0,6136000000.0,940000000.0,0.0,371000000.0,902000000.0,345399000.0,321915000.0,152007000.0,-126347000.0,42.32968260749938
ADBE,2007-09-30,851686000.0,255025000.0,205243000.0,358759000.0,5666461000.0,933461000.0,0.0,321674000.0,559283000.0,425170000.0,393010000.0,-55505000.0,-710251000.0,41.54365103585379
ADBE,2007-12-31,911211000.0,275832000.0,222208000.0,368867000.0,5713679000.0,1063697000.0,0.0,362811000.0,946422000.0,398216000.0,370085000.0,296641000.0,-307913000.0,44.17078125476837
ADBE,2008-03-31,890445000.0,275431000.0,219379000.0,364846000.0,5340901000.0,1526751000.0,450000000.0,332105000.0,1032733000.0,399300000.0,373032000.0,328771000.0,-646512000.0,35.25688515334833
ADBE,2008-06-30,886900000.0,260178000.0,214900000.0,354756000.0,5460000000.0,1420000000.0,350000000.0,368000000.0,1162000000.0,331791000.0,309388000.0,-69102000.0,-131875000.0,39.86781245470047
ADBE,2008-09-30,887300000.0,219469000.0,191600000.0,293569000.0,5639000000.0,1267000000.0,350000000.0,362000000.0,1134000000.0,211771000.0,171961000.0,-265188000.0,30741000.0,41.46031266450882
ADBE,2008-12-31,915300000.0,273193000.0,245900000.0,2338032000.0,5822000000.0,1411000000.0,350000000.0,513000000.0,886000000.0,337820000.0,314509000.0,-299162000.0,-273921000.0,24.719062387943268
ADBE,2009-03-31,786400000.0,207916000.0,156400000.0,272632000.0,5888000000.0,1276000000.0,350000000.0,300000000.0,1149000000.0,365743000.0,349827000.0,-131562000.0,28675000.0,20.182295095725134
ADBE,2009-06-30,704700000.0,161353000.0,126100000.0,229220000.0,6064000000.0,1263000000.0,350000000.0,263000000.0,1227000000.0,261529000.0,251217000.0,-217752000.0,20215000.0,26.68968243069119
ADBE,2009-09-30,697500000.0,167602000.0,136000000.0,238760000.0,5962000000.0,1267000000.0,350000000.0,282000000.0,1132000000.0,236681000.0,178250000.0,-55894000.0,-276600000.0,31.738906055688854
ADBE,2009-12-31,757300000.0,153642000.0,-32000000.0,246835000.0,7282000000.0,2392000000.0,1000000000.0,411000000.0,999000000.0,253819000.0,218886000.0,-1091888000.0,705368000.0,35.467343628406525
ADBE,2010-03-31,858700000.0,176833000.0,127200000.0,227200000.0,7945000000.0,2774000000.0,1494000000.0,351000000.0,1590000000.0,259803000.0,234256000.0,-208719000.0,540159000.0,34.661147602268905
ADBE,2010-06-30,943000000.0,227285000.0,148600000.0,245800000.0,8007000000.0,2828000000.0,1494000000.0,439000000.0,1137000000.0,251090000.0,201462000.0,-480903000.0,-214857000.0,33.06206348964146
ADBE,2010-09-30,990300000.0,302013000.0,230100000.0,360300000.0,7947000000.0,2862000000.0,1524698000.0,485000000.0,814000000.0,291471000.0,252431000.0,-266668000.0,-354292000.0,28.655000060796738
ADBE,2010-12-31,1007900000.0,286943000.0,268900000.0,354800000.0,8141000000.0,2949000000.0,1522799000.0,554000000.0,750000000.0,310631000.0,255204000.0,-203004000.0,-186272000.0,28.65999999642372
ADBE,2011-03-31,1027700000.0,302334000.0,234600000.0,333586000.0,8310000000.0,2885000000.0,1520900000.0,533000000.0,900000000.0,332102000.0,299681000.0,-95125000.0,-86518000.0,33.465161477365804
ADBE,2011-06-30,1023200000.0,276724000.0,229400000.0,359567000.0,8340000000.0,2950000000.0,1518003000.0,569000000.0,827000000.0,389331000.0,351830000.0,-102475000.0,-365960000.0,33.32634937952435
ADBE,2011-09-30,1013200000.0,274110000.0,195100000.0,337140000.0,8493000000.0,2929000000.0,1516107000.0,559000000.0,769000000.0,325128000.0,259653000.0,-300122000.0,-97681000.0,26.429218769073486
ADBE,2011-12-31,1152200000.0,246131000.0,173700000.0,323264000.0,8991000000.0,3208000000.0,1514212000.0,634000000.0,990000000.0,496753000.0,421856000.0,-259680000.0,-199000.0,27.390476257082017
ADBE,2012-03-31,1045200000.0,288979000.0,185200000.0,357099000.0,9133000000.0,3146000000.0,1512318000.0,512000000.0,801000000.0,314363000.0,263275000.0,-437707000.0,-68525000.0,32.043709693416474
ADBE,2012-06-30,1124400000.0,305143000.0,223900000.0,388403000.0,9366000000.0,3266000000.0,1510426000.0,529000000.0,951000000.0,448218000.0,387451000.0,-148260000.0,-148735000.0,32.33174596514021
ADBE,2012-09-30,1080580000.0,278304000.0,201357000.0,354575000.0,9630013000.0,3191320000.0,1510974000.0,566671000.0,1162380000.0,263340000.0,185908000.0,-119220000.0,62956000.0,32.09920613727872
ADBE,2012-12-31,1153428000.0,307765000.0,222333000.0,386019000.0,9974523000.0,3309341000.0,1506529000.0,617233000.0,1425052000.0,473659000.0,391870000.0,-129475000.0,-80419000.0,34.22032282429357
ADBE,2013-03-31,1007900000.0,98224000.0,65100000.0,177086000.0,10166000000.0,3360000000.0,1531406000.0,486000000.0,1306000000.0,322031000.0,261841000.0,-446114000.0,11405000.0,39.49100017547608
ADBE,2013-06-30,1010549000.0,111309000.0,76546000.0,189282000.0,10280369000.0,3353067000.0,1525643000.0,470052000.0,1246410000.0,299148000.0,252899000.0,-334439000.0,-22642000.0,44.30234360694885
ADBE,2013-09-30,995100000.0,110354000.0,83000000.0,192222000.0,10234000000.0,3399000000.0,1519462000.0,522000000.0,819000000.0,215525000.0,168727000.0,-397235000.0,-247371000.0,47.71437478065491
ADBE,2013-12-31,1041700000.0,102836000.0,65300000.0,186372000.0,10380000000.0,3656000000.0,1513676000.0,600000000.0,835000000.0,314982000.0,279861000.0,-15000.0,-300530000.0,55.24890619516373
ADBE,2014-03-31,1000120000.0,78746000.0,47046000.0,159118000.0,10245882000.0,3634999000.0,1509728000.0,510507000.0,733916000.0,251673000.0,222280000.0,-94422000.0,-258209000.0,64.13606518604716
ADBE,2014-06-30,1068200000.0,135258000.0,88500000.0,215956000.0,10372000000.0,3735000000.0,1506742000.0,532000000.0,817000000.0,367536000.0,340338000.0,-147932000.0,-135927000.0,64.50317485748775
ADBE,2014-09-30,1005400000.0,74176000.0,44700000.0,156515000.0,10494000000.0,3762000000.0,1508426000.0,528000000.0,903000000.0,268520000.0,213554000.0,-170394000.0,-9794000.0,70.87734413146973
ADBE,2014-12-31,1073300000.0,124505000.0,88100000.0,203025000.0,10786000000.0,4010000000.0,1514229000.0,592000000.0,1117000000.0,399753000.0,362978000.0,-77959000.0,-103353000.0,70.09406244754791
ADBE,2015-03-31,1109200000.0,173025000.0,84900000.0,257480000.0,11008000000.0,4419000000.0,1902064000.0,532000000.0,713000000.0,183015000.0,147469000.0,-698371000.0,119275000.0,74.59196722312052
ADBE,2015-06-30,1162200000.0,193617000.0,147500000.0,283534000.0,11165000000.0,4555000000.0,1904000000.0,503000000.0,956000000.0,471484000.0,435754000.0,-38909000.0,-186102000.0,78.02650827074808
ADBE,2015-09-30,1217800000.0,246019000.0,174500000.0,336769000.0,11508000000.0,4667000000.0,1906000000.0,594000000.0,829000000.0,360488000.0,311504000.0,-465091000.0,-18710000.0,81.06546866893768
ADBE,2015-12-31,1306400000.0,290434000.0,222700000.0,399774000.0,11726000000.0,4725000000.0,1907000000.0,672000000.0,876000000.0,454515000.0,389839000.0,-285987000.0,-115150000.0,89.84249973297119
ADBE,2016-03-31,1383300000.0,307758000.0,254300000.0,391969000.0,11897000000.0,4815000000.0,1917000000.0,599000000.0,831000000.0,497527000.0,451327000.0,-258842000.0,-284392000.0,86.68229462670499
ADBE,2016-06-30,1398700000.0,344239000.0,244100000.0,431535000.0,12217000000.0,4968000000.0,1918000000.0,667000000.0,886000000.0,488715000.0,434956000.0,-251505000.0,-180888000.0,96.05078136920928
ADBE,2016-09-30,1464000000.0,369325000.0,270800000.0,457595000.0,12367000000.0,5089000000.0,1917000000.0,731000000.0,768000000.0,517885000.0,462672000.0,-306588000.0,-324957000.0,100.34109365940094
ADBE,2016-12-31,1608400000.0,472280000.0,399600000.0,556078000.0,12697000000.0,5272000000.0,1892000000.0,833000000.0,1011000000.0,695601000.0,646968000.0,-143098000.0,-300469000.0,105.860475933741
ADBE,2017-03-31,1681600000.0,468999000.0,398400000.0,559539000.0,13045000000.0,5456000000.0,1884000000.0,851000000.0,1069000000.0,730370000.0,699467000.0,-338882000.0,-331495000.0,117.36564537786668
ADBE,2017-06-30,1772200000.0,504082000.0,374400000.0,592582000.0,13365000000.0,5561000000.0,1888000000.0,901000000.0,1317000000.0,644827000.0,589530000.0,-87547000.0,-314432000.0,136.91825430733817
ADBE,2017-09-30,1841100000.0,545674000.0,419600000.0,642528000.0,13907000000.0,5736000000.0,1889000000.0,1006000000.0,1775000000.0,704436000.0,650198000.0,-36814000.0,-218299000.0,149.2385716513982
ADBE,2017-12-31,2006600000.0,649340000.0,501500000.0,743350000.0,14536000000.0,6076000000.0,1881000000.0,1218000000.0,2306000000.0,833220000.0,795536000.0,20366000.0,-319509000.0,172.03936573815724
ADBE,2018-03-31,2078900000.0,702733000.0,583100000.0,670921000.0,14973000000.0,6339000000.0,1875000000.0,1063000000.0,2667000000.0,989601000.0,894459000.0,-93762000.0,-541273000.0,203.3285239798124
ADBE,2018-06-30,2195400000.0,698484000.0,663200000.0,759523000.0,15163000000.0,6458000000.0,1874000000.0,1075000000.0,2988000000.0,976406000.0,931090000.0,67679000.0,-717365000.0,236.5481255054474
ADBE,2018-09-30,2291076000.0,718606000.0,666291000.0,809355000.0,15395620000.0,6533695000.0,1874654000.0,1044507000.0,1747144000.0,955304000.0,891746000.0,-1520334000.0,-671661000.0,257.83777703179254
ADBE,2018-12-31,2464625000.0,720546000.0,678240000.0,833810000.0,18768682000.0,9406568000.0,4124800000.0,1315578000.0,1642775000.0,1107993000.0,1045430000.0,-3138878000.0,1924731000.0,241.4047619047619
ADBE,2019-03-31,2600946000.0,694830000.0,674241000.0,887825000.0,19505536000.0,9634051000.0,4129587000.0,1390043000.0,1738846000.0,1013448000.0,948180000.0,-131918000.0,-783912000.0,252.10246026711383
ADBE,2019-06-30,2744280000.0,749547000.0,632593000.0,896959000.0,19665909000.0,9734216000.0,4133606000.0,1272668000.0,2082910000.0,1109328000.0,963836000.0,10073000.0,-772101000.0,277.72428530738466
ADBE,2019-09-30,2834126000.0,853812000.0,792763000.0,1024566000.0,20054880000.0,9812107000.0,4137016000.0,1447897000.0,2209047000.0,922638000.0,833014000.0,-165330000.0,-624371000.0,291.93672037124634
ADBE,2019-12-31,2991945000.0,969932000.0,851861000.0,1286319000.0,20762400000.0,10232245000.0,4138267000.0,1598709000.0,2650221000.0,1376399000.0,1282304000.0,-168409000.0,-765660000.0,294.2268753051758
ADBE,2020-03-31,3091000000.0,937000000.0,955000000.0,1140000000.0,21214000000.0,10749000000.0,4197000000.0,1465000000.0,2688000000.0,1325000000.0,1231000000.0,-48000000.0,-1233000000.0,342.04806420110884
ADBE,2020-06-30,3128000000.0,1016000000.0,1100000000.0,1216000000.0,21603000000.0,10722000000.0,4697000000.0,1366000000.0,3044000000.0,1184000000.0,1088000000.0,80000000.0,-901000000.0,370.5304773724269
ADBE,2020-09-30,3225000000.0,1069000000.0,955000000.0,1279000000.0,22414000000.0,10701000000.0,4726000000.0,1318000000.0,3767000000.0,1436000000.0,1310000000.0,-315000000.0,-414000000.0,465.17671966552734
ADBE,2020-12-31,3424000000.0,1215000000.0,2250000000.0,1414000000.0,24284000000.0,11020000000.0,4708000000.0,1398000000.0,4478000000.0,1782000000.0,1679000000.0,-131000000.0,-940000000.0,483.1096887588501
ADBE,2021-03-31,3905000000.0,1454000000.0,1261000000.0,1659000000.0,24985000000.0,11439000000.0,4707000000.0,1520000000.0,3452000000.0,1772000000.0,1713000000.0,-1558000000.0,-1244000000.0,467.4257372246414
ADBE,2021-06-30,3835000000.0,1406000000.0,1116000000.0,1608000000.0,25582000000.0,11730000000.0,4693000000.0,1477000000.0,4250000000.0,1988000000.0,1893000000.0,-107000000.0,-1080000000.0,515.4711129324777
ADBE,2021-09-30,3935000000.0,1441000000.0,1212000000.0,1638000000.0,26144000000.0,11730000000.0,4685000000.0,1545000000.0,4623000000.0,1404000000.0,1309000000.0,-133000000.0,-899000000.0,629.4064092636108
ADBE,2021-12-31,4110000000.0,1501000000.0,1233000000.0,1701000000.0,27241000000.0,12444000000.0,4673000000.0,1878000000.0,3844000000.0,2066000000.0,1967000000.0,-1739000000.0,-1078000000.0,625.0778121948242
ADBE,2022-03-31,4262000000.0,1580000000.0,1266000000.0,1784000000.0,25976000000.0,12201000000.0,4665000000.0,1685000000.0,2739000000.0,1769000000.0,1669000000.0,-260000000.0,-2604000000.0,481.1008054671749
ADI,2003-03-31,501900000.0,88466000.0,71300000.0,126554000.0,5135000000.0,2079000000.0,1280486000.0,243000000.0,1138000000.0,105255000.0,90302000.0,-172328000.0,4377000.0,16.959058933570738
ADI,2003-06-30,520400000.0,99752000.0,79000000.0,136490000.0,5248000000.0,2084000000.0,1263618000.0,259000000.0,1313000000.0,107253000.0,92905000.0,-527152000.0,5563000.0,21.152239784361825
ADI,2003-09-30,557500000.0,111630000.0,88000000.0,144611000.0,4093000000.0,805000000.0,0.0,295000000.0,518000000.0,115729000.0,95653000.0,33378000.0,25519000.0,24.410615652799606
ADI,2003-12-31,605353000.0,145597000.0,116839000.0,188036000.0,4302237000.0,864246000.0,0.0,315900000.0,1010805000.0,104726000.0,86368000.0,320124000.0,-1219071000.0,28.51083919405937
ADI,2004-03-31,678500000.0,187762000.0,152600000.0,232926000.0,4518000000.0,919000000.0,0.0,328000000.0,712000000.0,191648000.0,164575000.0,275520000.0,25507000.0,30.61491809352752
ADI,2004-06-30,717793000.0,222698000.0,169050000.0,254737000.0,4712247000.0,931863000.0,0.0,354897000.0,383315000.0,236498000.0,193145000.0,-549899000.0,14507000.0,29.797435637443296
ADI,2004-09-30,632100000.0,158140000.0,132300000.0,209690000.0,4723000000.0,924000000.0,0.0,330000000.0,519000000.0,167763000.0,130240000.0,-513767000.0,16341000.0,24.058374375104904
ADI,2004-12-31,580500000.0,124653000.0,107400000.0,177585000.0,4617000000.0,882000000.0,0.0,327000000.0,2598000000.0,182136000.0,143840000.0,98255000.0,-144330000.0,24.373233139514923
ADI,2005-03-31,603726000.0,133944000.0,117599000.0,190410000.0,4585270000.0,869402000.0,0.0,320366000.0,314368000.0,116874000.0,92990000.0,-56020000.0,-170172000.0,23.008769613797547
ADI,2005-06-30,582400000.0,134614000.0,121400000.0,211373000.0,4700000000.0,865000000.0,0.0,302000000.0,2784000000.0,175201000.0,153569000.0,-139551000.0,-130932000.0,22.895194500684735
ADI,2005-09-30,622100000.0,122776000.0,68300000.0,182991000.0,4583000000.0,892000000.0,0.0,321000000.0,628000000.0,180310000.0,161398000.0,-253888000.0,6935000.0,24.232502669095997
ADI,2005-12-31,556600000.0,132205000.0,120600000.0,196373000.0,4374000000.0,665000000.0,0.0,318000000.0,428000000.0,200319000.0,179290000.0,439500000.0,-260920000.0,23.242548352196103
ADI,2006-03-31,577700000.0,151391000.0,145800000.0,233970000.0,4403000000.0,760000000.0,0.0,358000000.0,402000000.0,175255000.0,154895000.0,-244898000.0,-130507000.0,24.71633711168843
ADI,2006-06-30,598900000.0,148886000.0,144700000.0,219522000.0,4292000000.0,645000000.0,0.0,360000000.0,523000000.0,205139000.0,176317000.0,15105000.0,-246170000.0,22.662935256958008
ADI,2006-09-30,609700000.0,119324000.0,138400000.0,189046000.0,3987000000.0,551000000.0,0.0,306000000.0,344000000.0,73973000.0,35613000.0,247504000.0,-201294000.0,19.72733294774616
ADI,2006-12-31,626300000.0,163249000.0,153200000.0,262723000.0,3824000000.0,563000000.0,0.0,345000000.0,399000000.0,166735000.0,124980000.0,27097000.0,-372892000.0,20.761010124569847
ADI,2007-03-31,597500000.0,131791000.0,125400000.0,224974000.0,3687000000.0,622000000.0,0.0,332000000.0,359000000.0,208153000.0,170427000.0,202642000.0,-356996000.0,22.40417639935603
ADI,2007-06-30,617400000.0,137644000.0,120400000.0,213509000.0,3166000000.0,630000000.0,0.0,351000000.0,394000000.0,238633000.0,198972000.0,75718000.0,-355363000.0,24.803052629743306
ADI,2007-09-30,623500000.0,133502000.0,97900000.0,186977000.0,2971000000.0,634000000.0,0.0,324000000.0,425000000.0,190729000.0,159483000.0,513603000.0,-668757000.0,24.55769693283808
ADI,2007-12-31,613900000.0,145913000.0,370700000.0,457574000.0,3135000000.0,796000000.0,0.0,340000000.0,633000000.0,182850000.0,149673000.0,192624000.0,-344357000.0,21.95295938849449
ADI,2008-03-31,649300000.0,157185000.0,133100000.0,220481000.0,3016000000.0,712000000.0,0.0,332000000.0,414000000.0,177420000.0,137305000.0,389520000.0,-357126000.0,18.74586086585873
ADI,2008-06-30,659000000.0,161190000.0,138600000.0,224982000.0,3093000000.0,702000000.0,0.0,326000000.0,1278000000.0,153543000.0,123008000.0,-170480000.0,-201514000.0,22.22848582267761
ADI,2008-09-30,660700000.0,160737000.0,143900000.0,218535000.0,3091000000.0,671000000.0,0.0,315000000.0,594000000.0,196147000.0,156766000.0,-129576000.0,-62654000.0,19.8269484937191
ADI,2008-12-31,476569000.0,19591000.0,24949000.0,69034000.0,2919190000.0,517125000.0,0.0,235352000.0,769713000.0,142258000.0,94881000.0,98899000.0,-58714000.0,13.405193716287611
ADI,2009-03-31,474700000.0,57909000.0,51800000.0,100831000.0,2875000000.0,455000000.0,0.0,229000000.0,677000000.0,59910000.0,37675000.0,175993000.0,-57959000.0,13.665025414013472
ADI,2009-06-30,492000000.0,78945000.0,65500000.0,110711000.0,3280000000.0,822000000.0,375000000.0,244000000.0,633000000.0,75996000.0,63950000.0,-111226000.0,-59098000.0,15.6753939825391
ADI,2009-09-30,571600000.0,128372000.0,105609000.0,162100000.0,3404294000.0,875145000.0,379626000.0,301036000.0,639729000.0,133564000.0,128139000.0,-498410000.0,317728000.0,19.07794925570488
ADI,2009-12-31,603000000.0,149114000.0,120500000.0,179882000.0,3698000000.0,934000000.0,381000000.0,313000000.0,914000000.0,162678000.0,146289000.0,-101086000.0,-54674000.0,20.2637931406498
ADI,2010-03-31,668200000.0,214075000.0,167100000.0,244192000.0,3928000000.0,1038000000.0,383000000.0,332000000.0,1008000000.0,213773000.0,196594000.0,-42961000.0,104670000.0,20.742040821763336
ADI,2010-06-30,720290000.0,251145000.0,199491000.0,283126000.0,4104000000.0,1070000000.0,396000000.0,357000000.0,993000000.0,278320000.0,260830000.0,-130092000.0,-53818000.0,21.10581379845029
ADI,2010-09-30,770000000.0,285740000.0,225000000.0,317746000.0,4329000000.0,1129000000.0,401000000.0,387000000.0,1070000000.0,224806000.0,185681000.0,-172896000.0,-64617000.0,21.393208414316177
ADI,2010-12-31,728500000.0,259406000.0,222100000.0,294685000.0,4597000000.0,1232000000.0,537500000.0,384000000.0,1570000000.0,274276000.0,236513000.0,-139876000.0,-58873000.0,25.429622292518616
ADI,2011-03-31,790780000.0,298486000.0,241826000.0,330640000.0,5160399000.0,1578401000.0,906932000.0,414579000.0,1894761000.0,216751000.0,191204000.0,208136000.0,75735000.0,28.650627566922097
ADI,2011-06-30,757900000.0,278841000.0,219900000.0,300480000.0,5251000000.0,1536000000.0,890500000.0,375000000.0,1358000000.0,196638000.0,162497000.0,-184037000.0,310049000.0,28.95754541669573
ADI,2011-09-30,716100000.0,235292000.0,183500000.0,256148000.0,5278000000.0,1482000000.0,886500000.0,348000000.0,1405000000.0,256980000.0,220003000.0,-670372000.0,-122386000.0,25.164069533348083
ADI,2011-12-31,648100000.0,183372000.0,139400000.0,205043000.0,5278000000.0,1435000000.0,870500000.0,302000000.0,1097000000.0,230160000.0,203829000.0,-57465000.0,-124786000.0,26.28683208283924
ADI,2012-03-31,675100000.0,212926000.0,162900000.0,235489000.0,5412000000.0,1487000000.0,862500000.0,330000000.0,695000000.0,214820000.0,189531000.0,-406203000.0,-114703000.0,29.41604737312563
ADI,2012-06-30,683000000.0,212471000.0,169800000.0,256694000.0,5457000000.0,1428000000.0,857500000.0,346000000.0,462000000.0,225969000.0,195832000.0,-544511000.0,-84325000.0,28.391353062220983
ADI,2012-09-30,695000000.0,215279000.0,179200000.0,246429000.0,5620000000.0,1455000000.0,821500000.0,340000000.0,529000000.0,137706000.0,98467000.0,-282515000.0,-86852000.0,29.981087699769034
ADI,2012-12-31,622100000.0,153489000.0,131200000.0,184324000.0,5717000000.0,1393000000.0,760000000.0,330000000.0,796000000.0,236047000.0,198536000.0,-106461000.0,-63747000.0,31.048133973152407
ADI,2013-03-31,659300000.0,191382000.0,164500000.0,221590000.0,5841000000.0,1380000000.0,758000000.0,334000000.0,596000000.0,157969000.0,139700000.0,160401000.0,-52822000.0,34.745116551717125
ADI,2013-06-30,674200000.0,208342000.0,176200000.0,230175000.0,6139000000.0,1495000000.0,872000000.0,345000000.0,460000000.0,252186000.0,226007000.0,-412134000.0,-39662000.0,35.28131031990051
ADI,2013-09-30,678100000.0,199862000.0,201600000.0,316829000.0,6382000000.0,1642000000.0,872000000.0,325000000.0,392000000.0,220025000.0,189957000.0,-447791000.0,92394000.0,37.76373690366745
ADI,2013-12-31,628200000.0,179609000.0,152600000.0,209861000.0,6399000000.0,1604000000.0,872000000.0,329000000.0,417000000.0,282165000.0,233607000.0,-250402000.0,-100467000.0,38.72532826662064
ADI,2014-03-31,694500000.0,220400000.0,187400000.0,251688000.0,6595000000.0,1663000000.0,873000000.0,361000000.0,403000000.0,157473000.0,109350000.0,-44323000.0,-87308000.0,40.38320116136895
ADI,2014-06-30,727800000.0,202546000.0,180600000.0,235541000.0,8973000000.0,3966000000.0,2868398000.0,395000000.0,2585000000.0,238424000.0,194366000.0,-170016000.0,-82334000.0,42.68699997190445
ADI,2014-09-30,814200000.0,149929000.0,108700000.0,208964000.0,6860000000.0,2102000000.0,873000000.0,397000000.0,569000000.0,213442000.0,171127000.0,98766000.0,1870876000.0,41.61803138256073
ADI,2014-12-31,771986000.0,207934000.0,178757000.0,263938000.0,6821156000.0,2014946000.0,872926000.0,402350000.0,650202000.0,262263000.0,218846000.0,822000.0,-2277844000.0,41.76989531517029
ADI,2015-03-31,821000000.0,249008000.0,205300000.0,309270000.0,7048000000.0,2084000000.0,872664000.0,409000000.0,636000000.0,168653000.0,144893000.0,46271000.0,-131280000.0,46.74415244430792
ADI,2015-06-30,863400000.0,265269000.0,216500000.0,323803000.0,7135000000.0,2070000000.0,872752000.0,452000000.0,557000000.0,344031000.0,294802000.0,-268561000.0,-89488000.0,53.779212225051154
ADI,2015-09-30,978722000.0,108630000.0,96305000.0,162406000.0,7062178000.0,1989219000.0,873336000.0,466527000.0,884353000.0,197139000.0,161975000.0,-147419000.0,-127930000.0,48.54300683736801
ADI,2015-12-31,769400000.0,195045000.0,164500000.0,246818000.0,7598000000.0,2603000000.0,1731000000.0,375000000.0,1470000000.0,197975000.0,152168000.0,352584000.0,-222905000.0,49.47062486410141
ADI,2016-03-31,778766000.0,207379000.0,170573000.0,265288000.0,7570292000.0,2696591000.0,1731336000.0,398979000.0,1119662000.0,219705000.0,196577000.0,-204365000.0,571781000.0,45.24761237472784
ADI,2016-06-30,869600000.0,268707000.0,230400000.0,327524000.0,7685000000.0,2702000000.0,1732000000.0,453000000.0,1104000000.0,320203000.0,294686000.0,-345212000.0,-326669000.0,48.90462094545365
ADI,2016-09-30,1003623000.0,356981000.0,296157000.0,415861000.0,7970278000.0,2804660000.0,1732177000.0,477609000.0,921132000.0,254003000.0,216475000.0,-111764000.0,-156662000.0,53.32880771160126
ADI,2016-12-31,984400000.0,266268000.0,217100000.0,330240000.0,10203000000.0,4897000000.0,3805000000.0,473000000.0,4987000000.0,486984000.0,445760000.0,-556929000.0,-111367000.0,58.80821179586744
ADI,2017-03-31,1148000000.0,145835000.0,93600000.0,295878000.0,26623000000.0,16656000000.0,12893169000.0,630000000.0,5698000000.0,314492000.0,286155000.0,1769754000.0,1982551000.0,68.34681935464182
ADI,2017-06-30,1433900000.0,194821000.0,68900000.0,402328000.0,21115000000.0,11192000000.0,8199000000.0,693000000.0,909000000.0,521464000.0,474535000.0,-8800803000.0,8989125000.0,69.45990486750527
ADI,2017-09-30,1680000000.0,448210000.0,425800000.0,741253000.0,21141000000.0,10980000000.0,7851000000.0,689000000.0,1048000000.0,-364283000.0,-427900000.0,426071000.0,-4852958000.0,70.90146213107639
ADI,2017-12-31,1566900000.0,405348000.0,293200000.0,641795000.0,20853000000.0,10506000000.0,7435000000.0,710000000.0,828000000.0,640919000.0,575704000.0,-13036000.0,-490140000.0,78.30555531335256
ADI,2018-03-31,1563500000.0,463976000.0,400300000.0,704435000.0,20776000000.0,10191000000.0,6982000000.0,760000000.0,807000000.0,388688000.0,325466000.0,-64500000.0,-548026000.0,80.88981278216252
ADI,2018-06-30,1558200000.0,499039000.0,408600000.0,692030000.0,20549000000.0,9692000000.0,6555500000.0,711000000.0,773000000.0,718494000.0,664594000.0,-105990000.0,-630145000.0,84.28574061393738
ADI,2018-09-30,1536128000.0,513372000.0,404855000.0,669628000.0,20438366000.0,9170193000.0,6332674000.0,639717000.0,816591000.0,620738000.0,568988000.0,-54489000.0,-599125000.0,86.22193109421502
ADI,2018-12-31,1541101000.0,455826000.0,355006000.0,651759000.0,21828278000.0,10242841000.0,6234517000.0,713730000.0,605864000.0,714441000.0,628437000.0,-89019000.0,-580746000.0,78.0235839117141
ADI,2019-03-31,3067703000.0,469695000.0,722943000.0,1069419000.0,21776325000.0,10034067000.0,5986530000.0,685978000.0,713601000.0,371767000.0,280774000.0,-96215000.0,-486149000.0,90.99742614245804
ADI,2019-06-30,1480143000.0,446726000.0,362374000.0,653556000.0,21566650000.0,9776413000.0,5690077000.0,689976000.0,612164000.0,670882000.0,595673000.0,-74572000.0,-488920000.0,98.74245053245907
ADI,2019-09-30,1443219000.0,338361000.0,277694000.0,543766000.0,21392641000.0,9683453000.0,5491919000.0,635136000.0,648322000.0,552547000.0,494452000.0,-58642000.0,-594615000.0,103.76743388175964
ADI,2019-12-31,1303565000.0,273428000.0,203874000.0,381336000.0,21376827000.0,9687310000.0,5493762000.0,584366000.0,654408000.0,657904000.0,606829000.0,-63757000.0,-557110000.0,103.76150488853456
ADI,2020-03-31,1317060000.0,344020000.0,267696000.0,548358000.0,21350938000.0,9760080000.0,5591168000.0,588244000.0,784937000.0,349648000.0,294809000.0,-54732000.0,-289572000.0,101.17893477409116
ADI,2020-06-30,1456136000.0,419124000.0,362665000.0,620406000.0,21599568000.0,9822008000.0,5592977000.0,681728000.0,1090264000.0,429041000.0,368880000.0,-61552000.0,-235710000.0,102.23792085193452
ADI,2020-09-30,1526295000.0,461672000.0,386526000.0,668119000.0,21468603000.0,9470658000.0,5145102000.0,737536000.0,1055860000.0,557200000.0,536396000.0,-33497000.0,-219160000.0,109.52602398395538
ADI,2020-12-31,1558458000.0,463860000.0,388519000.0,680450000.0,21440110000.0,9352364000.0,5146567000.0,826964000.0,1048063000.0,672598000.0,642710000.0,-30742000.0,-676166000.0,124.692852973938
ADI,2021-03-31,1661407000.0,519690000.0,422905000.0,717218000.0,21588217000.0,9421113000.0,5148046000.0,814135000.0,1305216000.0,427941000.0,360553000.0,-75071000.0,-363823000.0,145.20264922595416
ADI,2021-06-30,1758853000.0,609646000.0,503311000.0,813088000.0,21641190000.0,9377227000.0,5149496000.0,823163000.0,1480701000.0,736362000.0,677192000.0,-60697000.0,-419585000.0,151.94036792573473
ADI,2021-09-30,2339568000.0,99005000.0,75687000.0,377417000.0,52322071000.0,14329529000.0,6822451000.0,1459056000.0,1977964000.0,630042000.0,543701000.0,-47512000.0,-406558000.0,159.7763967514038
ADI,2021-12-31,2684293000.0,364757000.0,280077000.0,945329000.0,51215614000.0,13788302000.0,6253575000.0,1636928000.0,1790399000.0,940724000.0,809947000.0,2326805000.0,-2769698000.0,169.4252917766571
ADI,2022-03-31,2972064000.0,918161000.0,783273000.0,1504899000.0,50800652000.0,13700870000.0,6253215000.0,1608254000.0,1737733000.0,856413000.0,745280000.0,-103309000.0,-937268000.0,155.6113547048261
ADSK,2003-03-31,210766000.0,6607000.0,7508000.0,22186000.0,872463000.0,313125000.0,0.0,133596000.0,179443000.0,43048000.0,35751000.0,2993000.0,-19956000.0,7.288659392810259
ADSK,2003-06-30,211705000.0,13941000.0,32602000.0,28833000.0,916113000.0,335292000.0,0.0,162146000.0,219424000.0,17290000.0,13207000.0,-7305000.0,-17989000.0,7.882886538429866
ADSK,2003-09-30,233862000.0,27940000.0,22606000.0,41582000.0,934828000.0,338342000.0,0.0,155751000.0,234710000.0,30270000.0,20488000.0,20577000.0,-12884000.0,8.175263553857803
ADSK,2003-12-31,295310000.0,57748000.0,57599000.0,80886000.0,1017160000.0,395517000.0,0.0,166816000.0,282249000.0,53046000.0,48195000.0,-32262000.0,-9467000.0,10.593525245785711
ADSK,2004-03-31,297876000.0,53521000.0,42505000.0,68439000.0,990300000.0,353077000.0,0.0,142630000.0,304147000.0,119477000.0,107191000.0,-40002000.0,-36130000.0,13.532195814194218
ADSK,2004-06-30,279578000.0,49344000.0,39165000.0,64393000.0,1049406000.0,388341000.0,0.0,156273000.0,345971000.0,55163000.0,49299000.0,17550000.0,-47401000.0,17.86630844300793
ADSK,2004-09-30,300158000.0,53858000.0,74070000.0,69868000.0,1082127000.0,408849000.0,0.0,168044000.0,377148000.0,83484000.0,73573000.0,-26400000.0,-14871000.0,20.95217055082321
ADSK,2004-12-31,356155000.0,78150000.0,65768000.0,95577000.0,1142204000.0,494126000.0,0.0,196827000.0,517654000.0,90779000.0,77263000.0,71560000.0,-136484000.0,30.224637418985367
ADSK,2005-03-31,355119000.0,90622000.0,76078000.0,106219000.0,1177605000.0,466814000.0,0.0,190216000.0,518078000.0,143706000.0,132162000.0,112930000.0,-118993000.0,30.41341453302102
ADSK,2005-06-30,372984000.0,88894000.0,75298000.0,103429000.0,1181892000.0,469612000.0,0.0,202415000.0,478663000.0,63317000.0,57783000.0,-24784000.0,-36933000.0,34.772343814373016
ADSK,2005-09-30,378262000.0,93037000.0,94537000.0,105728000.0,1290629000.0,513528000.0,0.0,201769000.0,390878000.0,112981000.0,108574000.0,-56144000.0,-95643000.0,38.83750015497208
ADSK,2005-12-31,416835000.0,97247000.0,82987000.0,111324000.0,1360800000.0,569500000.0,0.0,261400000.0,287200000.0,124868000.0,119491000.0,-128998000.0,-83434000.0,44.17571415976872
ADSK,2006-03-31,436000000.0,59300000.0,48500000.0,75300000.0,1439600000.0,593300000.0,0.0,276400000.0,257300000.0,114034000.0,108852000.0,-128074000.0,-89590000.0,39.28548406785534
ADSK,2006-06-30,449600000.0,102100000.0,86800000.0,118400000.0,1475500000.0,580500000.0,0.0,258700000.0,439100000.0,90200000.0,78800000.0,-103800000.0,-16600000.0,38.27095219445607
ADSK,2006-09-30,456800000.0,68600000.0,58000000.0,87800000.0,1600300000.0,599700000.0,0.0,256000000.0,514900000.0,162700000.0,155700000.0,92200000.0,-73600000.0,33.36253971523709
ADSK,2006-12-31,497400000.0,119700000.0,96400000.0,138500000.0,1797500000.0,682500000.0,0.0,301300000.0,665900000.0,132900000.0,125900000.0,-66800000.0,9900000.0,38.08888892521934
ADSK,2007-03-31,508600000.0,101400000.0,83300000.0,125400000.0,1989400000.0,745200000.0,0.0,260400000.0,762300000.0,190800000.0,180900000.0,-39400000.0,100000.0,41.07475430848169
ADSK,2007-06-30,525900000.0,114500000.0,91600000.0,132300000.0,1878100000.0,765400000.0,0.0,278400000.0,774900000.0,191600000.0,184800000.0,-96500000.0,0.0,43.18365097045898
ADSK,2007-09-30,538400000.0,105600000.0,84800000.0,125500000.0,1991000000.0,812200000.0,0.0,299200000.0,828300000.0,136600000.0,125200000.0,117000000.0,-241300000.0,45.70222249106755
ADSK,2007-12-31,599100000.0,124100000.0,96500000.0,148100000.0,2208900000.0,978400000.0,0.0,386500000.0,917900000.0,161300000.0,150400000.0,-48000000.0,-61500000.0,48.46890616416931
ADSK,2008-03-31,598800000.0,119900000.0,94600000.0,143700000.0,2140000000.0,1004600000.0,40000000.0,333500000.0,909100000.0,219000000.0,204800000.0,-58200000.0,-72900000.0,37.9040985420102
ADSK,2008-06-30,619500000.0,118800000.0,89800000.0,147300000.0,2443500000.0,1183600000.0,120000000.0,325200000.0,929600000.0,185300000.0,170900000.0,-15500000.0,-181300000.0,37.37031269073486
ADSK,2008-09-30,607100000.0,139600000.0,104500000.0,161600000.0,2373700000.0,973600000.0,3900000.0,291400000.0,796400000.0,215000000.0,189500000.0,-289200000.0,94800000.0,34.423124730587006
ADSK,2008-12-31,489800000.0,-133800000.0,-105400000.0,-108400000.0,2420700000.0,1110000000.0,52100000.0,316500000.0,917600000.0,107200000.0,88000000.0,-157700000.0,-77000000.0,20.78093747794628
ADSK,2009-03-31,425800000.0,-19400000.0,-32100000.0,7600000.0,2269500000.0,941000000.0,2100000.0,228600000.0,880500000.0,86400000.0,67100000.0,-15700000.0,49100000.0,15.802622967079037
ADSK,2009-06-30,414900000.0,2700000.0,10500000.0,41900000.0,2311100000.0,926000000.0,122500000.0,223900000.0,668500000.0,27200000.0,13600000.0,-38500000.0,-24600000.0,19.878571374075754
ADSK,2009-09-30,416900000.0,26300000.0,29500000.0,60900000.0,2315400000.0,883700000.0,123200000.0,215700000.0,698500000.0,47300000.0,36600000.0,-278300000.0,16600000.0,22.26421880722046
ADSK,2009-12-31,456100000.0,56100000.0,50100000.0,85800000.0,2447200000.0,973700000.0,0.0,277400000.0,838700000.0,46700000.0,40800000.0,-2300000.0,-16000000.0,25.07578131556511
ADSK,2010-03-31,474600000.0,50800000.0,36900000.0,74100000.0,2501700000.0,987600000.0,0.0,218100000.0,938100000.0,125600000.0,116800000.0,36100000.0,-21300000.0,26.70114751721992
ADSK,2010-06-30,472800000.0,79800000.0,59900000.0,106200000.0,2525000000.0,999200000.0,0.0,231000000.0,850000000.0,139100000.0,133300000.0,-16500000.0,-22600000.0,30.112063544137136
ADSK,2010-09-30,476700000.0,69200000.0,53600000.0,98300000.0,2581100000.0,1025000000.0,0.0,240100000.0,904300000.0,111500000.0,106200000.0,-133700000.0,-66500000.0,28.81921878457069
ADSK,2010-12-31,527700000.0,71600000.0,61600000.0,98800000.0,2787600000.0,1178300000.0,0.0,318400000.0,1075100000.0,114300000.0,107300000.0,-19000000.0,-38600000.0,35.80562508106232
ADSK,2011-03-31,528300000.0,78600000.0,69300000.0,109000000.0,2902200000.0,1151000000.0,0.0,271000000.0,1091400000.0,175900000.0,165700000.0,26900000.0,-31700000.0,41.479032331897365
ADSK,2011-06-30,546300000.0,95000000.0,71200000.0,123900000.0,2973700000.0,1184600000.0,0.0,297000000.0,1131500000.0,128400000.0,105000000.0,-152700000.0,42700000.0,41.78809544396779
ADSK,2011-09-30,548600000.0,90200000.0,72800000.0,122300000.0,3005000000.0,1177500000.0,0.0,259200000.0,1103300000.0,132200000.0,102600000.0,-22100000.0,-69000000.0,31.01515629887581
ADSK,2011-12-31,592400000.0,91800000.0,72000000.0,123200000.0,3227800000.0,1344900000.0,0.0,395100000.0,1156900000.0,137700000.0,101900000.0,-118300000.0,-48100000.0,32.11158734276181
ADSK,2012-03-31,588600000.0,94000000.0,78900000.0,126700000.0,3317000000.0,1271700000.0,0.0,300600000.0,1074500000.0,175200000.0,201000000.0,-77200000.0,-45400000.0,37.14693546295166
ADSK,2012-06-30,568700000.0,92900000.0,64600000.0,121000000.0,3375900000.0,1324600000.0,0.0,361400000.0,930200000.0,139300000.0,127800000.0,-287000000.0,63700000.0,36.05428565494598
ADSK,2012-09-30,548000000.0,34400000.0,29400000.0,69300000.0,3429200000.0,1411300000.0,110000000.0,293300000.0,827000000.0,107100000.0,90400000.0,-164300000.0,-87100000.0,33.06793645828489
ADSK,2012-12-31,606900000.0,84600000.0,74500000.0,120800000.0,4308400000.0,2265200000.0,745600000.0,495100000.0,1612200000.0,157100000.0,140600000.0,-279200000.0,19900000.0,32.75516131616408
ADSK,2013-03-31,570400000.0,-81400000.0,55600000.0,108800000.0,4289700000.0,2205200000.0,745800000.0,285800000.0,1655800000.0,155600000.0,143900000.0,83300000.0,544900000.0,38.55266640981039
ADSK,2013-06-30,561700000.0,83600000.0,61700000.0,115700000.0,4223300000.0,2172200000.0,746000000.0,303900000.0,1401000000.0,224100000.0,198300000.0,-131700000.0,-50200000.0,37.25874996185303
ADSK,2013-09-30,555200000.0,68100000.0,57600000.0,101600000.0,4321500000.0,2159600000.0,746200000.0,304100000.0,1473400000.0,65300000.0,48500000.0,-213800000.0,-106600000.0,36.93421882390976
ADSK,2013-12-31,586600000.0,51700000.0,53900000.0,92500000.0,4595000000.0,2333500000.0,746400000.0,423700000.0,1853000000.0,90600000.0,78200000.0,-38000000.0,20700000.0,43.81734353303909
ADSK,2014-03-31,592500000.0,42200000.0,28300000.0,74100000.0,4648600000.0,2359900000.0,746600000.0,323300000.0,1609600000.0,183500000.0,174300000.0,189500000.0,9600000.0,51.80836086585874
ADSK,2014-06-30,637100000.0,49900000.0,31300000.0,83400000.0,4703400000.0,2420000000.0,746800000.0,365300000.0,1323100000.0,218700000.0,204200000.0,-421700000.0,-40300000.0,50.71698409791977
ADSK,2014-09-30,618000000.0,14600000.0,10700000.0,51000000.0,4736800000.0,2468300000.0,747000000.0,375700000.0,1345000000.0,96200000.0,79100000.0,-308700000.0,-74400000.0,54.79750001430512
ADSK,2014-12-31,664600000.0,14000000.0,11500000.0,33600000.0,4913800000.0,2694600000.0,747200000.0,458900000.0,1410600000.0,136000000.0,107600000.0,-47300000.0,-65000000.0,57.85374999046326
ADSK,2015-03-31,646500000.0,21500000.0,19100000.0,61600000.0,4775900000.0,2551500000.0,747400000.0,316000000.0,1182700000.0,257200000.0,241700000.0,-127900000.0,-60200000.0,59.21606532862929
ADSK,2015-06-30,609500000.0,4300000.0,-235500000.0,45100000.0,5341800000.0,3439700000.0,1486200000.0,394100000.0,1473100000.0,86500000.0,74000000.0,-252900000.0,-61300000.0,57.16333334786551
ADSK,2015-09-30,599800000.0,-14800000.0,-43800000.0,24200000.0,5220000000.0,3486900000.0,1486900000.0,362300000.0,1337500000.0,77200000.0,59900000.0,-413700000.0,628800000.0,50.18812489509583
ADSK,2015-12-31,648300000.0,-9700000.0,-37200000.0,28500000.0,5515300000.0,3895700000.0,1487700000.0,653600000.0,1353000000.0,80400000.0,68400000.0,-89500000.0,-126200000.0,58.08781278133392
ADSK,2016-03-31,511900000.0,-155000000.0,-173000000.0,-114700000.0,5205600000.0,3769700000.0,1488400000.0,256400000.0,1223400000.0,169900000.0,139300000.0,-53400000.0,-98100000.0,52.1377049430472
ADSK,2016-06-30,550700000.0,-62900000.0,-98200000.0,-33800000.0,5047400000.0,3715700000.0,1489200000.0,306900000.0,1467300000.0,164400000.0,142100000.0,-230200000.0,-67200000.0,57.87015610933304
ADSK,2016-09-30,489600000.0,-119900000.0,-142800000.0,-85500000.0,4829200000.0,3768600000.0,1489900000.0,259800000.0,1436500000.0,-18000000.0,-38300000.0,430800000.0,-168500000.0,63.0003125667572
ADSK,2016-12-31,478800000.0,-167100000.0,-173400000.0,-126300000.0,4798100000.0,4064500000.0,1490700000.0,452300000.0,1213100000.0,7700000.0,-14800000.0,85200000.0,-118600000.0,73.62920646061973
ADSK,2017-03-31,485700000.0,-119600000.0,-129600000.0,-86100000.0,4431400000.0,3923300000.0,1491500000.0,231500000.0,1340200000.0,15600000.0,4700000.0,-13800000.0,-224000000.0,83.68290390506867
ADSK,2017-06-30,501800000.0,-107600000.0,-144000000.0,-88000000.0,4354000000.0,4038500000.0,1584900000.0,265600000.0,1174100000.0,45200000.0,36600000.0,258500000.0,-178800000.0,98.9480955335829
ADSK,2017-09-30,515300000.0,-100000000.0,-119800000.0,-77300000.0,4152000000.0,4044700000.0,1585400000.0,307800000.0,1025200000.0,-72500000.0,-90300000.0,-57800000.0,-39200000.0,110.31571439712766
ADSK,2017-12-31,553800000.0,-181900000.0,-173500000.0,-163000000.0,4113600000.0,4369600000.0,1586000000.0,438200000.0,1078000000.0,-51100000.0,-64000000.0,58200000.0,-156200000.0,116.5977775937035
ADSK,2018-03-31,559900000.0,-55300000.0,-82400000.0,-26500000.0,3911400000.0,4040000000.0,1586600000.0,206700000.0,1093000000.0,79300000.0,67900000.0,247500000.0,-282400000.0,119.08590172939611
ADSK,2018-06-30,611700000.0,-24700000.0,-39400000.0,7500000.0,3833000000.0,4074600000.0,1587200000.0,234400000.0,895400000.0,-16900000.0,-33600000.0,47600000.0,-11700000.0,132.47578179836273
ADSK,2018-09-30,660900000.0,14700000.0,-23700000.0,49700000.0,3774400000.0,4112700000.0,1587800000.0,309000000.0,875700000.0,43300000.0,23300000.0,-87900000.0,-145600000.0,141.21222299242777
ADSK,2018-12-31,737300000.0,40300000.0,64700000.0,73900000.0,4729200000.0,4940100000.0,2087700000.0,474300000.0,886000000.0,39200000.0,26500000.0,80000000.0,-134600000.0,135.06634896899027
ADSK,2019-03-31,735500000.0,24800000.0,-24200000.0,54300000.0,4808500000.0,5053800000.0,2022500000.0,268100000.0,883200000.0,311500000.0,293900000.0,-750100000.0,443800000.0,149.48065648313428
ADSK,2019-06-30,796800000.0,73800000.0,40200000.0,114000000.0,4872700000.0,5067000000.0,1897900000.0,347400000.0,923900000.0,221200000.0,206500000.0,-29200000.0,-192400000.0,168.12936546688988
ADSK,2019-09-30,842700000.0,110600000.0,66700000.0,141900000.0,5036600000.0,5208100000.0,1803700000.0,520300000.0,956200000.0,219300000.0,204500000.0,-3300000.0,-173700000.0,155.6134376525879
ADSK,2019-12-31,899300000.0,133800000.0,131800000.0,165900000.0,6179300000.0,6318400000.0,2132900000.0,652300000.0,1774700000.0,276400000.0,266700000.0,-10200000.0,-233900000.0,162.0523443222046
ADSK,2020-03-31,885700000.0,130600000.0,66500000.0,142800000.0,5543900000.0,5683000000.0,1681600000.0,356500000.0,1389700000.0,698200000.0,684200000.0,-14600000.0,133200000.0,183.53209686279297
ADSK,2020-06-30,913100000.0,146100000.0,98200000.0,167000000.0,5747300000.0,5680000000.0,1689900000.0,490100000.0,1439800000.0,327300000.0,303800000.0,-78000000.0,-630200000.0,196.56904771592883
ADSK,2020-09-30,952400000.0,168000000.0,132200000.0,202900000.0,5944500000.0,5875200000.0,1700700000.0,540400000.0,1537000000.0,91200000.0,63200000.0,-33800000.0,-12400000.0,237.64296889305115
ADSK,2020-12-31,1039200000.0,184400000.0,911300000.0,208900000.0,7279800000.0,6314300000.0,2104600000.0,643100000.0,1772200000.0,361100000.0,340200000.0,-64900000.0,-201400000.0,263.53249883651733
ADSK,2021-03-31,989300000.0,133800000.0,155600000.0,175000000.0,7298300000.0,6169900000.0,2091200000.0,326100000.0,923200000.0,657600000.0,634100000.0,-227200000.0,-202800000.0,288.3819665127113
ADSK,2021-06-30,1059700000.0,148100000.0,115600000.0,191000000.0,7420600000.0,6092800000.0,2085000000.0,357800000.0,923500000.0,336100000.0,314900000.0,-1040400000.0,-142100000.0,285.26587350027904
ADSK,2021-09-30,1125800000.0,193300000.0,136700000.0,244700000.0,8531000000.0,7251100000.0,3049500000.0,580300000.0,1748900000.0,202000000.0,179400000.0,-146000000.0,-53800000.0,306.0901565551758
ADSK,2021-12-31,1211600000.0,142400000.0,89100000.0,176600000.0,8606800000.0,7757700000.0,3060000000.0,716100000.0,1528400000.0,270400000.0,255100000.0,-112600000.0,669200000.0,291.4768755435944
ADSK,2022-03-31,1170000000.0,214000000.0,146000000.0,252000000.0,8261000000.0,7580000000.0,3053000000.0,384000000.0,1518000000.0,722800000.0,715400000.0,-295600000.0,-641900000.0,230.34387157809348
AMAT,2003-03-31,1107200000.0,-114161000.0,-62100000.0,35850000.0,9924000000.0,1986000000.0,579821000.0,742000000.0,1428000000.0,87451000.0,10570000.0,-109672000.0,25858000.0,9.667318484822257
AMAT,2003-06-30,1094900000.0,-86706000.0,-36800000.0,19316000.0,9823000000.0,1958000000.0,561847000.0,742000000.0,1285000000.0,313412000.0,289175000.0,-122178000.0,-52988000.0,10.955425428965736
AMAT,2003-09-30,1221000000.0,4264000.0,15500000.0,98466000.0,10312000000.0,2244000000.0,561292000.0,913000000.0,1365000000.0,135640000.0,43449000.0,-251032000.0,-27160000.0,14.322485774755478
AMAT,2003-12-31,1555400000.0,97373000.0,82400000.0,194248000.0,10631000000.0,2412000000.0,561292000.0,1081000000.0,1470000000.0,265251000.0,193280000.0,-248391000.0,62669000.0,16.49329647421837
AMAT,2004-03-31,2018100000.0,515034000.0,373300000.0,609288000.0,11207000000.0,2571000000.0,558431000.0,1405000000.0,1448000000.0,217293000.0,141140000.0,-175548000.0,51034000.0,16.21716893103815
AMAT,2004-06-30,2236200000.0,613544000.0,440600000.0,699754000.0,11918000000.0,2815000000.0,557829000.0,1528000000.0,2047000000.0,220268000.0,183537000.0,-273884000.0,52743000.0,14.414668421591482
AMAT,2004-09-30,2203358000.0,537714000.0,455008000.0,646032000.0,12093445000.0,2831418000.0,456300000.0,1670153000.0,2281844000.0,682636000.0,645247000.0,-127816000.0,34093000.0,12.29314112663269
AMAT,2004-12-31,1780600000.0,382210000.0,288800000.0,479609000.0,12099000000.0,2799000000.0,462672000.0,1741000000.0,1634000000.0,507074000.0,466770000.0,224486000.0,-496674000.0,12.309358820319176
AMAT,2005-03-31,1861200000.0,411518000.0,304800000.0,506893000.0,11916000000.0,2734000000.0,460466000.0,1595000000.0,1664000000.0,236984000.0,204669000.0,-20483000.0,-265996000.0,12.197580603302502
AMAT,2005-06-30,1631938000.0,302697000.0,369591000.0,411634000.0,11618649000.0,2547004000.0,460455000.0,1525133000.0,1255746000.0,475967000.0,430552000.0,172511000.0,-419547000.0,11.802213311195374
AMAT,2005-09-30,1718100000.0,351540000.0,246700000.0,455474000.0,11269000000.0,2341000000.0,414574000.0,1616000000.0,990000000.0,336411000.0,277375000.0,-289343000.0,-464249000.0,13.011367559432983
AMAT,2005-12-31,1857600000.0,143939000.0,142800000.0,244871000.0,11210000000.0,2542000000.0,409567000.0,1755000000.0,1107000000.0,197778000.0,134894000.0,-41808000.0,-421359000.0,13.080964148990692
AMAT,2006-03-31,2247686000.0,561071000.0,412814000.0,666304000.0,11451756000.0,2833086000.0,409447000.0,1948873000.0,1376680000.0,411738000.0,362917000.0,183216000.0,-478001000.0,13.993164031736312
AMAT,2006-06-30,2543400000.0,680781000.0,512000000.0,775523000.0,11774000000.0,3108000000.0,409550000.0,2294000000.0,1308000000.0,502954000.0,471223000.0,231474000.0,-465047000.0,12.841266586667016
AMAT,2006-09-30,2518300000.0,62174000.0,449000000.0,723720000.0,9481000000.0,2829000000.0,407535000.0,2026000000.0,861000000.0,361940000.0,322389000.0,131177000.0,-561346000.0,12.030430006602456
AMAT,2006-12-31,2277300000.0,549526000.0,403500000.0,615636000.0,9808000000.0,2841000000.0,407521000.0,2052000000.0,1069000000.0,659095000.0,599716000.0,1444510000.0,-2551053000.0,13.476963951474143
AMAT,2007-03-31,2529600000.0,589024000.0,411400000.0,662429000.0,9896000000.0,2858000000.0,406535000.0,2122000000.0,932000000.0,381197000.0,322296000.0,-47928000.0,-126537000.0,13.845722667506484
AMAT,2007-06-30,2561000000.0,671862000.0,473500000.0,740157000.0,10365000000.0,2977000000.0,406528000.0,2240000000.0,1113000000.0,513134000.0,440769000.0,-277581000.0,-372142000.0,14.51658933124845
AMAT,2007-09-30,2367000000.0,561094000.0,421800000.0,651081000.0,10662000000.0,2841000000.0,204561000.0,2049000000.0,1203000000.0,637567000.0,564597000.0,-254386000.0,-202671000.0,15.897866612388974
AMAT,2007-12-31,2087400000.0,372883000.0,262400000.0,463229000.0,10352000000.0,2894000000.0,204674000.0,2015000000.0,1216000000.0,677398000.0,616850000.0,-396718000.0,-190639000.0,14.378509178757668
AMAT,2008-03-31,2150000000.0,437751000.0,302500000.0,523691000.0,10971000000.0,3260000000.0,204749000.0,1729000000.0,1098000000.0,389731000.0,315587000.0,290019000.0,-667044000.0,14.30010567336786
AMAT,2008-06-30,1848200000.0,228332000.0,164800000.0,323459000.0,10998000000.0,3458000000.0,202981000.0,1654000000.0,1141000000.0,874002000.0,810447000.0,-907965000.0,-83357000.0,14.83478532731533
AMAT,2008-09-30,2043700000.0,294628000.0,231100000.0,397866000.0,11006000000.0,3457000000.0,203068000.0,1817000000.0,1412000000.0,320418000.0,248605000.0,78913000.0,-357015000.0,13.37909470498562
AMAT,2008-12-31,1333400000.0,-196092000.0,-132900000.0,-137366000.0,10428000000.0,3071000000.0,203259000.0,1462000000.0,1366000000.0,126317000.0,47923000.0,463047000.0,-318621000.0,8.42202889174223
AMAT,2009-03-31,1020100000.0,-293283000.0,-255400000.0,-312978000.0,9749000000.0,2653000000.0,202156000.0,1215000000.0,1467000000.0,-185217000.0,-258535000.0,241023000.0,-101976000.0,7.603612266603063
AMAT,2009-06-30,1133700000.0,-77183000.0,-54900000.0,-5592000.0,9580000000.0,2567000000.0,202203000.0,1264000000.0,1555000000.0,84300000.0,29519000.0,69836000.0,-53356000.0,8.765238020155165
AMAT,2009-09-30,1526400000.0,172942000.0,137900000.0,240135000.0,9574000000.0,2480000000.0,202240000.0,1226000000.0,1576000000.0,193713000.0,134008000.0,-27054000.0,-78165000.0,10.133914232254028
AMAT,2009-12-31,1848902000.0,116343000.0,82751000.0,200206000.0,10003838000.0,2855695000.0,212947000.0,1370120000.0,1399054000.0,239869000.0,179246000.0,-171116000.0,-47842000.0,10.225058406591415
AMAT,2010-03-31,2295500000.0,385797000.0,264000000.0,478666000.0,10450000000.0,3129000000.0,206803000.0,1438000000.0,1596000000.0,371873000.0,318706000.0,-489568000.0,-59632000.0,10.127254001429824
AMAT,2010-06-30,2517800000.0,182651000.0,123100000.0,253364000.0,10726000000.0,3448000000.0,205848000.0,1721000000.0,1564000000.0,526960000.0,482253000.0,-219972000.0,-109616000.0,10.467284641568623
AMAT,2010-09-30,2886435000.0,698917000.0,468015000.0,777867000.0,10943345000.0,3407232000.0,205529000.0,1831863000.0,1857664000.0,298901000.0,262731000.0,-137297000.0,-192548000.0,9.155033648014069
AMAT,2010-12-31,2686000000.0,674000000.0,506000000.0,749000000.0,11274000000.0,3435000000.0,205000000.0,1946000000.0,1974000000.0,525119000.0,490082000.0,-14775000.0,-214335000.0,10.14148649573326
AMAT,2011-03-31,2862000000.0,677000000.0,489000000.0,760000000.0,11957000000.0,3775000000.0,205000000.0,2026000000.0,2558000000.0,425000000.0,401000000.0,-79000000.0,-230000000.0,12.40938151267267
AMAT,2011-06-30,2787000000.0,687000000.0,476000000.0,753000000.0,14103000000.0,5552000000.0,1947000000.0,1812000000.0,5018000000.0,704000000.0,647000000.0,45000000.0,-166000000.0,11.389735418652732
AMAT,2011-09-30,2182000000.0,361000000.0,456000000.0,389000000.0,13861000000.0,5061000000.0,1947000000.0,1532000000.0,5960000000.0,599000000.0,544000000.0,252000000.0,1606000000.0,9.48405735194683
AMAT,2011-12-31,2189000000.0,179000000.0,117000000.0,251000000.0,13597000000.0,4947000000.0,1949000000.0,1576000000.0,1681000000.0,698000000.0,625000000.0,492000000.0,-250000000.0,9.18615958804176
AMAT,2012-03-31,2541000000.0,409000000.0,289000000.0,542000000.0,13877000000.0,5174000000.0,1947000000.0,1785000000.0,1761000000.0,181000000.0,144000000.0,-4157000000.0,-302000000.0,10.181063282874325
AMAT,2012-06-30,2343000000.0,322000000.0,218000000.0,432000000.0,13320000000.0,4981000000.0,1946000000.0,1535000000.0,1529000000.0,603000000.0,564000000.0,-259000000.0,-261000000.0,9.292318147326272
AMAT,2012-09-30,1646000000.0,-499000000.0,-515000000.0,-412000000.0,12102000000.0,4867000000.0,1946000000.0,1307000000.0,1392000000.0,656000000.0,611000000.0,-281000000.0,-609000000.0,9.479992109631736
AMAT,2012-12-31,1573000000.0,39000000.0,34000000.0,148000000.0,11714000000.0,4573000000.0,1946000000.0,1118000000.0,1523000000.0,411000000.0,370000000.0,37000000.0,-582000000.0,9.190070044609808
AMAT,2013-03-31,1973000000.0,-68000000.0,-129000000.0,40000000.0,11695000000.0,4797000000.0,1946000000.0,1327000000.0,1545000000.0,16000000.0,-33000000.0,253000000.0,-138000000.0,11.077456458409626
AMAT,2013-06-30,1975000000.0,250000000.0,168000000.0,280000000.0,11751000000.0,4797000000.0,1946000000.0,1200000000.0,1745000000.0,224000000.0,173000000.0,-61000000.0,-141000000.0,12.41340184211731
AMAT,2013-09-30,1988000000.0,211000000.0,183000000.0,387000000.0,12043000000.0,4955000000.0,1946000000.0,1811000000.0,1711000000.0,364000000.0,324000000.0,-34000000.0,-130000000.0,13.748482942581177
AMAT,2013-12-31,2190000000.0,330000000.0,253000000.0,434000000.0,12199000000.0,4958000000.0,1946000000.0,1657000000.0,2144000000.0,19000000.0,-38000000.0,57000000.0,-110000000.0,15.096923217177393
AMAT,2014-03-31,2353000000.0,387000000.0,262000000.0,482000000.0,12555000000.0,5080000000.0,1947000000.0,1687000000.0,2453000000.0,372000000.0,324000000.0,153000000.0,-92000000.0,16.007626877456413
AMAT,2014-06-30,2265000000.0,391000000.0,301000000.0,487000000.0,12851000000.0,5167000000.0,1947000000.0,1692000000.0,2726000000.0,437000000.0,372000000.0,-69000000.0,-59000000.0,17.866792073325506
AMAT,2014-09-30,2264000000.0,412000000.0,256000000.0,515000000.0,13174000000.0,5306000000.0,1947000000.0,1749000000.0,3002000000.0,584000000.0,519000000.0,-192000000.0,-119000000.0,19.47476625442505
AMAT,2014-12-31,2359000000.0,458000000.0,348000000.0,552000000.0,13073000000.0,5001000000.0,1947000000.0,1662000000.0,2929000000.0,407000000.0,344000000.0,-53000000.0,-78000000.0,19.96710678935051
AMAT,2015-03-31,2442000000.0,416000000.0,364000000.0,503000000.0,13587000000.0,5236000000.0,1947000000.0,1955000000.0,3067000000.0,60000000.0,11000000.0,-50000000.0,-83000000.0,21.275709402365763
AMAT,2015-06-30,2490000000.0,396000000.0,329000000.0,492000000.0,13153000000.0,5176000000.0,1947000000.0,2144000000.0,2574000000.0,298000000.0,234000000.0,-90000000.0,-69000000.0,18.30363624814957
AMAT,2015-09-30,2368000000.0,423000000.0,336000000.0,525000000.0,15308000000.0,7695000000.0,4542000000.0,1866000000.0,4797000000.0,334000000.0,283000000.0,-84000000.0,-744000000.0,14.980676919221878
AMAT,2015-12-31,2257000000.0,354000000.0,286000000.0,452000000.0,13326000000.0,6158000000.0,3343000000.0,1780000000.0,2962000000.0,471000000.0,420000000.0,-57000000.0,1809000000.0,15.667834535241129
AMAT,2016-03-31,2450000000.0,425000000.0,320000000.0,528000000.0,13075000000.0,6510000000.0,3343000000.0,1985000000.0,2470000000.0,207000000.0,139000000.0,-109000000.0,-1933000000.0,16.535379394156035
AMAT,2016-06-30,2821000000.0,596000000.0,505000000.0,699000000.0,13699000000.0,6880000000.0,3343000000.0,1928000000.0,2828000000.0,481000000.0,434000000.0,-5000000.0,-968000000.0,20.100954294204712
AMAT,2016-09-30,3297000000.0,777000000.0,610000000.0,878000000.0,14570000000.0,7353000000.0,3325000000.0,2366000000.0,3406000000.0,981000000.0,931000000.0,-322000000.0,-301000000.0,25.526313811540604
AMAT,2016-12-31,3278000000.0,807000000.0,703000000.0,906000000.0,15244000000.0,7557000000.0,3325000000.0,2460000000.0,3491000000.0,797000000.0,709000000.0,11000000.0,-230000000.0,27.92883988032265
AMAT,2017-03-31,3546000000.0,940000000.0,824000000.0,1055000000.0,18240000000.0,10028000000.0,5502000000.0,2443000000.0,4944000000.0,646000000.0,582000000.0,-367000000.0,-194000000.0,33.07072033420686
AMAT,2017-06-30,3744000000.0,1023000000.0,925000000.0,1139000000.0,19078000000.0,10362000000.0,5303000000.0,2340000000.0,5278000000.0,898000000.0,821000000.0,-1281000000.0,1836000000.0,39.23110931638687
AMAT,2017-09-30,4130000000.0,1098000000.0,1067000000.0,1321000000.0,19419000000.0,10070000000.0,5304000000.0,2395000000.0,5010000000.0,1366000000.0,1286000000.0,-349000000.0,-683000000.0,41.836096869574654
AMAT,2017-12-31,4205000000.0,1196000000.0,165000000.0,355000000.0,19663000000.0,11157000000.0,5305000000.0,2204000000.0,6799000000.0,699000000.0,575000000.0,-529000000.0,-438000000.0,50.21962568495009
AMAT,2018-03-31,4579000000.0,1327000000.0,1100000000.0,1354000000.0,18498000000.0,11456000000.0,5306000000.0,2798000000.0,4870000000.0,1466000000.0,1263000000.0,1352000000.0,-1029000000.0,51.70211729456167
AMAT,2018-06-30,4162000000.0,1257000000.0,1016000000.0,1234000000.0,17883000000.0,11058000000.0,5308000000.0,2935000000.0,3374000000.0,611000000.0,490000000.0,22000000.0,-2562000000.0,47.99919080734253
AMAT,2018-09-30,3759000000.0,1016000000.0,757000000.0,1032000000.0,17633000000.0,10788000000.0,5309000000.0,2462000000.0,3440000000.0,633000000.0,500000000.0,-674000000.0,-1455000000.0,41.35333681863452
AMAT,2018-12-31,3753000000.0,908000000.0,771000000.0,1060000000.0,18922000000.0,10713000000.0,5310000000.0,2576000000.0,3192000000.0,1077000000.0,912000000.0,-129000000.0,-882000000.0,32.21717819334969
AMAT,2019-03-31,3539000000.0,776000000.0,666000000.0,913000000.0,18775000000.0,10574000000.0,5311000000.0,2440000000.0,3116000000.0,834000000.0,701000000.0,-66000000.0,-1016000000.0,35.89284771778544
AMAT,2019-06-30,3562000000.0,802000000.0,571000000.0,929000000.0,18805000000.0,10689000000.0,5312000000.0,2571000000.0,3014000000.0,800000000.0,682000000.0,-129000000.0,-747000000.0,39.98600738767593
AMAT,2019-09-30,3754000000.0,864000000.0,698000000.0,991000000.0,19024000000.0,10810000000.0,5313000000.0,2737000000.0,3129000000.0,787000000.0,694000000.0,-162000000.0,-727000000.0,46.070916414260864
AMAT,2019-12-31,4162000000.0,1042000000.0,892000000.0,1158000000.0,19767000000.0,11107000000.0,5358000000.0,2932000000.0,3424000000.0,826000000.0,729000000.0,-86000000.0,-625000000.0,53.86070585250855
AMAT,2020-03-31,3957000000.0,932000000.0,755000000.0,1030000000.0,21815000000.0,12791000000.0,6874000000.0,2901000000.0,5281000000.0,987000000.0,885000000.0,-162000000.0,-530000000.0,55.23428117075274
AMAT,2020-06-30,4395000000.0,1108000000.0,841000000.0,1195000000.0,21171000000.0,11602000000.0,5510000000.0,3102000000.0,4350000000.0,635000000.0,564000000.0,165000000.0,1172000000.0,52.0636355082194
AMAT,2020-09-30,4688000000.0,1283000000.0,1131000000.0,1399000000.0,22353000000.0,11775000000.0,5512000000.0,3125000000.0,5351000000.0,867000000.0,780000000.0,8000000.0,-1806000000.0,59.82789486646652
AMAT,2020-12-31,5162000000.0,1283000000.0,1130000000.0,1395000000.0,23305000000.0,11832000000.0,5698000000.0,3045000000.0,6213000000.0,1315000000.0,1153000000.0,-141000000.0,-173000000.0,71.83405554294586
AMAT,2021-03-31,5582000000.0,1579000000.0,1330000000.0,1703000000.0,24085000000.0,12092000000.0,5703000000.0,3375000000.0,6305000000.0,1421000000.0,1300000000.0,-216000000.0,-343000000.0,107.41567893106428
AMAT,2021-06-30,6196000000.0,2013000000.0,1716000000.0,2135000000.0,24479000000.0,12419000000.0,5719000000.0,3822000000.0,6066000000.0,1187000000.0,983000000.0,-219000000.0,-883000000.0,130.91461375403026
AMAT,2021-09-30,6123000000.0,2014000000.0,1712000000.0,2168000000.0,25825000000.0,13578000000.0,5753000000.0,4953000000.0,4995000000.0,1686000000.0,1549000000.0,-194000000.0,-1731000000.0,132.7057888507843
AMAT,2021-12-31,6271000000.0,1976000000.0,1792000000.0,2084000000.0,25428000000.0,13538000000.0,5757000000.0,4405000000.0,5264000000.0,1148000000.0,942000000.0,-587000000.0,-1634000000.0,141.8442039489746
AMAT,2022-03-31,6245000000.0,1894000000.0,1536000000.0,2033000000.0,25459000000.0,13880000000.0,5455000000.0,4883000000.0,3331000000.0,2658000000.0,2514000000.0,-138000000.0,-2252000000.0,135.0250338892783
AMD,2003-03-31,714600000.0,-125473000.0,-146400000.0,92059000.0,5399000000.0,3037000000.0,1930911000.0,372000000.0,429000000.0,-78662000.0,-259158000.0,60420000.0,9665000.0,5.899016395944064
AMD,2003-06-30,645300000.0,-123498000.0,-140100000.0,-4506000.0,5294000000.0,3011000000.0,1664693000.0,352000000.0,703000000.0,-14345000.0,-117425000.0,225944000.0,47102000.0,7.1580952311319015
AMD,2003-09-30,953800000.0,-30229000.0,-31200000.0,226982000.0,6664000000.0,4382000000.0,2081717000.0,543000000.0,995000000.0,1000.0,-123958000.0,4191000.0,308927000.0,9.169062480330467
AMD,2003-12-31,1205600000.0,45815000.0,43200000.0,409528000.0,7050000000.0,4611000000.0,2093266000.0,565000000.0,1186000000.0,388592000.0,225811000.0,-207372000.0,-98292000.0,15.248437494039536
AMD,2004-03-31,1236400000.0,61286000.0,45100000.0,315326000.0,7003000000.0,4552000000.0,2054235000.0,669000000.0,1169000000.0,206260000.0,4213000.0,-207727000.0,-6316000.0,15.18451613764609
AMD,2004-06-30,1261800000.0,72440000.0,32200000.0,300237000.0,7009000000.0,4490000000.0,1994642000.0,745000000.0,911000000.0,254678000.0,-106285000.0,-452077000.0,-59780000.0,15.427258122351862
AMD,2004-09-30,1239500000.0,68358000.0,43800000.0,328283000.0,7282000000.0,4711000000.0,2043027000.0,791000000.0,991000000.0,263395000.0,-143353000.0,-351987000.0,164982000.0,12.393750041723251
AMD,2004-12-31,1263700000.0,18725000.0,-30000000.0,377406000.0,7844000000.0,4834000000.0,1858828000.0,720000000.0,918000000.0,362188000.0,-108191000.0,-543993000.0,313914000.0,18.959218755364414
AMD,2005-03-31,1226600000.0,-45657000.0,-17400000.0,289536000.0,7822000000.0,4887000000.0,1870085000.0,698000000.0,662000000.0,251327000.0,-267145000.0,-669612000.0,158047000.0,16.882623015857135
AMD,2005-06-30,1259900000.0,-7131000.0,11300000.0,301002000.0,7773000000.0,4926000000.0,1896645000.0,736000000.0,1220000000.0,265163000.0,-38102000.0,-387210000.0,173801000.0,16.165937408804893
AMD,2005-09-30,1522800000.0,78728000.0,76000000.0,335535000.0,8160000000.0,5186000000.0,2009528000.0,870000000.0,806000000.0,429086000.0,66790000.0,-388162000.0,59534000.0,21.06265625357628
AMD,2005-12-31,1838300000.0,205715000.0,95600000.0,452071000.0,7288000000.0,3936000000.0,1370225000.0,948000000.0,633000000.0,537279000.0,208139000.0,-824598000.0,102807000.0,25.483333405994237
AMD,2006-03-31,1332200000.0,258600000.0,184500000.0,370110000.0,8052000000.0,3342000000.0,658408000.0,859000000.0,829000000.0,566349000.0,256023000.0,-925347000.0,549062000.0,37.3174196058704
AMD,2006-06-30,1216400000.0,102109000.0,88800000.0,282146000.0,8062000000.0,3209000000.0,692139000.0,592000000.0,689000000.0,218850000.0,-236514000.0,-480580000.0,127256000.0,30.34666663881332
AMD,2006-09-30,1327600000.0,119172000.0,134500000.0,185922000.0,8379000000.0,3367000000.0,688950000.0,709000000.0,1385000000.0,230185000.0,-194707000.0,448121000.0,17563000.0,23.08126976376488
AMD,2006-12-31,1772853000.0,-526881000.0,-573826000.0,-202969000.0,13147000000.0,7072000000.0,3797000000.0,1150000000.0,1380000000.0,271616000.0,-394802000.0,-3345194000.0,3069119000.0,21.843333320012167
AMD,2007-03-31,1233000000.0,-504000000.0,-611000000.0,-274000000.0,12712000000.0,7204000000.0,3841000000.0,680000000.0,991000000.0,41000000.0,-545000000.0,-592000000.0,162000000.0,15.565409847947418
AMD,2007-06-30,1378000000.0,-457000000.0,-600000000.0,-242000000.0,13224000000.0,8460000000.0,5537000000.0,648000000.0,1304000000.0,-635000000.0,-1049000000.0,-526000000.0,1474000000.0,14.091904746161568
AMD,2007-09-30,1682000000.0,-226000000.0,-396000000.0,-254000000.0,12934000000.0,8809000000.0,5335000000.0,682000000.0,1096000000.0,223000000.0,-196000000.0,-231000000.0,-200000000.0,13.468412671770368
AMD,2007-12-31,1737000000.0,-1678000000.0,-1772000000.0,-1618000000.0,11550000000.0,8560000000.0,5269000000.0,640000000.0,1432000000.0,61000000.0,-205000000.0,-326000000.0,601000000.0,11.365937493741512
AMD,2008-03-31,1487000000.0,-264000000.0,-364000000.0,-164000000.0,11208000000.0,8571000000.0,5287000000.0,538000000.0,1404000000.0,16000000.0,-307000000.0,-198000000.0,154000000.0,6.669836075579534
AMD,2008-06-30,1362000000.0,-143000000.0,-1195000000.0,-1004000000.0,9784000000.0,8310000000.0,5261000000.0,437000000.0,1310000000.0,-242000000.0,-348000000.0,167000000.0,-19000000.0,6.660937510430813
AMD,2008-09-30,1797000000.0,131000000.0,-134000000.0,117000000.0,9441000000.0,8102000000.0,5140000000.0,620000000.0,1108000000.0,-216000000.0,-298000000.0,-47000000.0,61000000.0,5.220000043511391
AMD,2008-12-31,1162000000.0,-1729000000.0,-1436000000.0,-1153000000.0,7672000000.0,7545000000.0,4776000000.0,320000000.0,933000000.0,-250000000.0,-363000000.0,51000000.0,24000000.0,2.90578125230968
AMD,2009-03-31,1177000000.0,-298000000.0,-408000000.0,-109000000.0,9052000000.0,9215000000.0,5563000000.0,414000000.0,2402000000.0,-391000000.0,-475000000.0,-179000000.0,2039000000.0,2.418524597511917
AMD,2009-06-30,1184000000.0,-249000000.0,-310000000.0,-146000000.0,8683000000.0,9148000000.0,5532000000.0,366000000.0,1979000000.0,-144000000.0,-256000000.0,-317000000.0,38000000.0,3.9855555617620073
AMD,2009-09-30,1396000000.0,-77000000.0,-106000000.0,57000000.0,8747000000.0,9316000000.0,5570000000.0,572000000.0,1847000000.0,-142000000.0,-239000000.0,-220000000.0,230000000.0,4.312187492847443
AMD,2009-12-31,1646000000.0,1288000000.0,1200000000.0,1814000000.0,9078000000.0,8430000000.0,4560000000.0,745000000.0,1657000000.0,1150000000.0,977000000.0,-557000000.0,-783000000.0,6.887968748807907
AMD,2010-03-31,1574000000.0,182000000.0,257000000.0,308000000.0,5232000000.0,4436000000.0,2604000000.0,675000000.0,642000000.0,23000000.0,-25000000.0,-1215000000.0,177000000.0,8.548524590789295
AMD,2010-06-30,1653000000.0,125000000.0,-43000000.0,156000000.0,4955000000.0,4203000000.0,2421000000.0,725000000.0,1084000000.0,-98000000.0,-129000000.0,516000000.0,24000000.0,8.83476193745931
AMD,2010-09-30,1618000000.0,128000000.0,-118000000.0,33000000.0,4595000000.0,3981000000.0,2188000000.0,765000000.0,620000000.0,-124000000.0,-155000000.0,-321000000.0,-19000000.0,6.812656253576279
AMD,2010-12-31,1649000000.0,413000000.0,375000000.0,545000000.0,4964000000.0,3951000000.0,2421000000.0,968000000.0,606000000.0,-213000000.0,-251000000.0,-103000000.0,302000000.0,7.572656273841858
AMD,2011-03-31,1613000000.0,54000000.0,510000000.0,648000000.0,5209000000.0,3651000000.0,2196000000.0,797000000.0,602000000.0,-168000000.0,-206000000.0,-14000000.0,178000000.0,8.511290311813354
AMD,2011-06-30,1574000000.0,105000000.0,61000000.0,191000000.0,5224000000.0,3583000000.0,2199000000.0,759000000.0,554000000.0,174000000.0,107000000.0,-230000000.0,8000000.0,8.18333331365434
AMD,2011-09-30,1690000000.0,138000000.0,97000000.0,213000000.0,5236000000.0,3492000000.0,2060000000.0,908000000.0,625000000.0,189000000.0,131000000.0,34000000.0,-152000000.0,6.61609373986721
AMD,2011-12-31,1691000000.0,71000000.0,-177000000.0,-68000000.0,4954000000.0,3364000000.0,2016000000.0,919000000.0,869000000.0,187000000.0,100000000.0,97000000.0,-40000000.0,5.27698412395659
AMD,2012-03-31,1585000000.0,-580000000.0,-590000000.0,-516000000.0,4988000000.0,3936000000.0,2019000000.0,962000000.0,1193000000.0,107000000.0,67000000.0,200000000.0,17000000.0,7.067580661466045
AMD,2012-06-30,1413000000.0,77000000.0,37000000.0,139000000.0,5041000000.0,3924000000.0,2021000000.0,744000000.0,1015000000.0,81000000.0,42000000.0,-263000000.0,4000000.0,6.673015859391954
AMD,2012-09-30,1269000000.0,-131000000.0,-157000000.0,-47000000.0,4612000000.0,3623000000.0,2040000000.0,683000000.0,776000000.0,-240000000.0,-272000000.0,-10000000.0,11000000.0,4.163968283032614
AMD,2012-12-31,1155000000.0,-422000000.0,-473000000.0,-358000000.0,4000000000.0,3462000000.0,2042000000.0,630000000.0,549000000.0,-286000000.0,-308000000.0,54000000.0,5000000.0,2.368548377867668
AMD,2013-03-31,1088000000.0,-98000000.0,-146000000.0,-122000000.0,3797000000.0,3382000000.0,2044000000.0,645000000.0,441000000.0,-155000000.0,-175000000.0,47000000.0,0.0,2.6138333280881247
AMD,2013-06-30,1161000000.0,-29000000.0,-74000000.0,74000000.0,3897000000.0,3538000000.0,2047000000.0,670000000.0,334000000.0,-35000000.0,-63000000.0,-74000000.0,2000000.0,3.457812532782554
AMD,2013-09-30,1461000000.0,95000000.0,48000000.0,155000000.0,4317000000.0,3883000000.0,2049000000.0,873000000.0,543000000.0,21000000.0,6000000.0,186000000.0,2000000.0,3.8087500110268593
AMD,2013-12-31,1589000000.0,134000000.0,89000000.0,188000000.0,4337000000.0,3793000000.0,2058000000.0,832000000.0,869000000.0,21000000.0,0.0,296000000.0,9000000.0,3.5860937535762787
AMD,2014-03-31,1397000000.0,49000000.0,-20000000.0,82000000.0,4108000000.0,3597000000.0,2138000000.0,840000000.0,554000000.0,-204000000.0,-225000000.0,-131000000.0,20000000.0,3.8163934770177614
AMD,2014-06-30,1441000000.0,63000000.0,-36000000.0,67000000.0,4246000000.0,3745000000.0,2210000000.0,872000000.0,503000000.0,-28000000.0,-51000000.0,-43000000.0,20000000.0,4.051428620777433
AMD,2014-09-30,1429000000.0,63000000.0,17000000.0,111000000.0,4325000000.0,3790000000.0,2208000000.0,973000000.0,640000000.0,18000000.0,-11000000.0,119000000.0,0.0,4.047656234353781
AMD,2014-12-31,1239000000.0,-330000000.0,-364000000.0,-278000000.0,3767000000.0,3580000000.0,2212000000.0,818000000.0,805000000.0,116000000.0,94000000.0,43000000.0,6000000.0,2.746093761175871
AMD,2015-03-31,1030000000.0,-137000000.0,-180000000.0,-91000000.0,3428000000.0,3411000000.0,2268000000.0,771000000.0,677000000.0,-173000000.0,-195000000.0,-15000000.0,60000000.0,2.8111475412962865
AMD,2015-06-30,942000000.0,-137000000.0,-181000000.0,-95000000.0,3381000000.0,3522000000.0,2269000000.0,687000000.0,829000000.0,-58000000.0,-75000000.0,211000000.0,-1000000.0,2.4206348827907016
AMD,2015-09-30,1061000000.0,-158000000.0,-197000000.0,-116000000.0,3229000000.0,3565000000.0,2260000000.0,648000000.0,755000000.0,-59000000.0,-84000000.0,-17000000.0,2000000.0,1.8803124949336048
AMD,2015-12-31,958000000.0,-49000000.0,-102000000.0,-17000000.0,3084000000.0,3496000000.0,2237000000.0,533000000.0,785000000.0,64000000.0,32000000.0,-32000000.0,-2000000.0,2.238749995827675
AMD,2016-03-31,832000000.0,-68000000.0,-109000000.0,-35000000.0,2981000000.0,3484000000.0,2236000000.0,508000000.0,716000000.0,-42000000.0,-68000000.0,-26000000.0,-1000000.0,2.2732786800040574
AMD,2016-06-30,1027000000.0,-8000000.0,69000000.0,172000000.0,3316000000.0,3729000000.0,2238000000.0,671000000.0,957000000.0,-85000000.0,-106000000.0,329000000.0,-3000000.0,3.8853124789893623
AMD,2016-09-30,1307000000.0,-293000000.0,-406000000.0,-328000000.0,3616000000.0,3231000000.0,1632000000.0,640000000.0,1258000000.0,29000000.0,20000000.0,-10000000.0,282000000.0,6.384374998509884
AMD,2016-12-31,1106000000.0,-3000000.0,-51000000.0,22000000.0,3321000000.0,2905000000.0,1435000000.0,311000000.0,1264000000.0,188000000.0,167000000.0,-26000000.0,-156000000.0,8.38587304524013
AMD,2017-03-31,1178000000.0,-29000000.0,-33000000.0,38000000.0,3299000000.0,2890000000.0,1408000000.0,494000000.0,722000000.0,-299000000.0,-322000000.0,-246000000.0,3000000.0,12.693870928979688
AMD,2017-06-30,1151000000.0,25000000.0,-42000000.0,28000000.0,3370000000.0,2953000000.0,1417000000.0,614000000.0,760000000.0,-82000000.0,-94000000.0,124000000.0,-4000000.0,12.223968248518686
AMD,2017-09-30,1643000000.0,126000000.0,71000000.0,157000000.0,3586000000.0,3066000000.0,1426000000.0,771000000.0,879000000.0,66000000.0,32000000.0,51000000.0,2000000.0,13.047301549760125
AMD,2017-12-31,1340000000.0,82000000.0,-19000000.0,1169000000.0,3552000000.0,2956000000.0,1395000000.0,454000000.0,1185000000.0,383000000.0,339000000.0,-43000000.0,-34000000.0,11.68603173513261
AMD,2018-03-31,1647000000.0,120000000.0,81000000.0,164000000.0,3763000000.0,3048000000.0,1388000000.0,738000000.0,1045000000.0,-86000000.0,-132000000.0,-46000000.0,-8000000.0,11.857377036673125
AMD,2018-06-30,1756000000.0,153000000.0,116000000.0,195000000.0,4103000000.0,3224000000.0,1393000000.0,1118000000.0,948000000.0,-45000000.0,-88000000.0,-78000000.0,28000000.0,12.712499976158142
AMD,2018-09-30,1653000000.0,150000000.0,102000000.0,185000000.0,4347000000.0,3222000000.0,1303000000.0,1207000000.0,1046000000.0,95000000.0,62000000.0,-8000000.0,8000000.0,22.56666664850144
AMD,2018-12-31,1419000000.0,28000000.0,38000000.0,62000000.0,4556000000.0,3290000000.0,1250000000.0,1235000000.0,1078000000.0,70000000.0,29000000.0,-38000000.0,0.0,21.62285707867335
AMD,2019-03-31,1272000000.0,38000000.0,16000000.0,76000000.0,4931000000.0,3143000000.0,1132000000.0,1241000000.0,978000000.0,-213000000.0,-275000000.0,-173000000.0,286000000.0,22.702295021932635
AMD,2019-06-30,1531000000.0,59000000.0,35000000.0,132000000.0,5102000000.0,3201000000.0,1069000000.0,1333000000.0,963000000.0,30000000.0,-28000000.0,-7000000.0,-38000000.0,28.52904764811198
AMD,2019-09-30,1801000000.0,186000000.0,120000000.0,220000000.0,5253000000.0,3077000000.0,910000000.0,1393000000.0,1156000000.0,234000000.0,179000000.0,57000000.0,-98000000.0,31.35953125357628
AMD,2019-12-31,2127000000.0,348000000.0,170000000.0,309000000.0,6028000000.0,3201000000.0,529000000.0,1859000000.0,1466000000.0,442000000.0,400000000.0,-26000000.0,-107000000.0,36.812031388282776
AMD,2020-03-31,1786000000.0,177000000.0,162000000.0,259000000.0,5864000000.0,2827000000.0,488000000.0,1691000000.0,1330000000.0,-65000000.0,-120000000.0,-73000000.0,2000000.0,48.17145144554876
AMD,2020-06-30,1932000000.0,173000000.0,157000000.0,257000000.0,6583000000.0,3278000000.0,894000000.0,1799000000.0,1775000000.0,243000000.0,152000000.0,-36000000.0,238000000.0,53.01873022412497
AMD,2020-09-30,2801000000.0,449000000.0,390000000.0,506000000.0,7023000000.0,3156000000.0,578000000.0,2138000000.0,1296000000.0,339000000.0,265000000.0,-549000000.0,-269000000.0,74.25156253576279
AMD,2020-12-31,3244000000.0,570000000.0,1781000000.0,659000000.0,8962000000.0,3125000000.0,531000000.0,2076000000.0,1595000000.0,554000000.0,480000000.0,-294000000.0,35000000.0,86.29499995708466
AMD,2021-03-31,3445000000.0,662000000.0,555000000.0,760000000.0,10047000000.0,3570000000.0,551000000.0,2185000000.0,1763000000.0,898000000.0,832000000.0,-722000000.0,-8000000.0,86.10213120257268
AMD,2021-06-30,3850000000.0,831000000.0,710000000.0,943000000.0,10691000000.0,3626000000.0,553000000.0,2026000000.0,2623000000.0,952000000.0,888000000.0,119000000.0,-211000000.0,80.81809525262742
AMD,2021-09-30,4313000000.0,948000000.0,923000000.0,1124000000.0,11153000000.0,4017000000.0,582000000.0,2229000000.0,2440000000.0,849000000.0,764000000.0,-83000000.0,-949000000.0,102.22015631198884
AMD,2021-12-31,4826000000.0,1207000000.0,974000000.0,1345000000.0,12419000000.0,4922000000.0,661000000.0,2708000000.0,2535000000.0,822000000.0,736000000.0,0.0,-727000000.0,134.42031240463257
AMD,2022-03-31,5887000000.0,951000000.0,786000000.0,1540000000.0,66915000000.0,11582000000.0,2157000000.0,3681000000.0,4740000000.0,995000000.0,924000000.0,3158000000.0,-1948000000.0,119.37903213500977
ANSS,2003-03-31,24600000.0,5967000.0,4279000.0,7880000.0,147333000.0,49893000.0,0.0,18878000.0,36849000.0,11468000.0,10828000.0,-22242000.0,1376000.0,5.5617213327376565
ANSS,2003-06-30,27643000.0,6003000.0,4472000.0,8733000.0,155682000.0,47177000.0,0.0,16035000.0,47852000.0,10161000.0,9640000.0,-1853000.0,2970000.0,6.880436503697956
ANSS,2003-09-30,28038000.0,7919000.0,5361000.0,9013000.0,162445000.0,45244000.0,0.0,16034000.0,67281000.0,7101000.0,6789000.0,9503000.0,2368000.0,8.794062502682209
ANSS,2003-12-31,33254000.0,10428000.0,7201000.0,12146000.0,179346000.0,52272000.0,0.0,36234000.0,78038000.0,10076000.0,8788000.0,-1296000.0,799000.0,9.680390655994415
ANSS,2004-03-31,31332000.0,9970000.0,7140000.0,12066000.0,193456000.0,56376000.0,0.0,18653000.0,91295000.0,13212000.0,12277000.0,-1196000.0,995000.0,10.08810483255694
ANSS,2004-06-30,32002000.0,10678000.0,7577000.0,12706000.0,202676000.0,55839000.0,0.0,16652000.0,89267000.0,13090000.0,12003000.0,-16317000.0,1490000.0,10.331128966423773
ANSS,2004-09-30,32318000.0,10461000.0,7599000.0,12749000.0,212879000.0,54231000.0,0.0,14716000.0,114280000.0,13413000.0,12840000.0,9291000.0,2121000.0,11.413749918341637
ANSS,2004-12-31,38887000.0,14869000.0,12251000.0,17968000.0,239646000.0,64177000.0,0.0,18792000.0,83547000.0,11651000.0,11055000.0,-44968000.0,1287000.0,14.888242214918137
ANSS,2005-03-31,37624000.0,13421000.0,9683000.0,16055000.0,254979000.0,67004000.0,0.0,17592000.0,69906000.0,15320000.0,13859000.0,-30284000.0,1725000.0,16.729426258900126
ANSS,2005-06-30,37656000.0,13328000.0,9775000.0,16485000.0,262011000.0,65442000.0,0.0,15359000.0,153324000.0,17598000.0,16366000.0,68492000.0,-1828000.0,16.919062480330467
ANSS,2005-09-30,39035000.0,14329000.0,11174000.0,17497000.0,273018000.0,63982000.0,0.0,37533000.0,164430000.0,14159000.0,13389000.0,-791000.0,-2146000.0,18.56640622019768
ANSS,2005-12-31,43721000.0,17762000.0,13271000.0,21181000.0,305509000.0,80532000.0,0.0,44199000.0,176166000.0,20748000.0,19729000.0,-9255000.0,788000.0,20.24761905367412
ANSS,2006-03-31,46011000.0,17819000.0,12913000.0,21389000.0,325543000.0,81697000.0,0.0,50505000.0,197159000.0,12628000.0,11838000.0,4285000.0,3902000.0,22.633629060560654
ANSS,2006-06-30,62264000.0,-14507000.0,-19393000.0,-8903000.0,868894000.0,365592000.0,170552000.0,76086000.0,102648000.0,25405000.0,24022000.0,-289806000.0,168221000.0,25.70031744336325
ANSS,2006-09-30,70117000.0,12855000.0,8372000.0,20494000.0,854554000.0,336947000.0,148521000.0,69482000.0,101618000.0,22355000.0,20402000.0,-5328000.0,-17753000.0,22.918650854201545
ANSS,2006-12-31,85248000.0,19989000.0,12264000.0,29095000.0,878043000.0,343250000.0,123320000.0,89694000.0,104315000.0,29309000.0,25592000.0,-3782000.0,-23596000.0,23.24841266208225
ANSS,2007-03-31,87859000.0,26821000.0,16151000.0,35262000.0,903402000.0,349386000.0,114802000.0,104661000.0,117374000.0,22202000.0,19823000.0,-2373000.0,-7455000.0,24.57163923294818
ANSS,2007-06-30,92211000.0,30396000.0,18256000.0,40918000.0,906791000.0,327396000.0,98459000.0,96346000.0,137784000.0,37027000.0,32880000.0,-4154000.0,-13833000.0,26.826349167596724
ANSS,2007-09-30,94034000.0,31610000.0,18696000.0,40516000.0,928760000.0,315237000.0,75501000.0,108068000.0,150651000.0,26256000.0,24078000.0,-2322000.0,-15838000.0,30.45079367501395
ANSS,2007-12-31,111236000.0,37942000.0,29289000.0,48482000.0,969292000.0,328082000.0,60146000.0,115780000.0,167224000.0,41643000.0,39488000.0,-6569000.0,-18703000.0,38.79515641927719
ANSS,2008-03-31,109545000.0,41801000.0,25854000.0,53016000.0,1018988000.0,341707000.0,48204000.0,135481000.0,200903000.0,37146000.0,34716000.0,2041000.0,-9759000.0,36.33803283191118
ANSS,2008-06-30,111246000.0,43854000.0,28129000.0,53327000.0,996112000.0,287142000.0,374000.0,121833000.0,195405000.0,55147000.0,50595000.0,-13977000.0,-45350000.0,42.95828121900559
ANSS,2008-09-30,122247000.0,38296000.0,25775000.0,54289000.0,1841091000.0,678652000.0,300244000.0,140087000.0,209532000.0,42746000.0,39125000.0,-317383000.0,300621000.0,43.34171885251999
ANSS,2008-12-31,135301000.0,45780000.0,31913000.0,59274000.0,1864514000.0,681615000.0,279000000.0,157285000.0,228176000.0,61669000.0,55633000.0,-8680000.0,-27762000.0,28.42859372496605
ANSS,2009-03-31,116310000.0,34829000.0,21095000.0,50725000.0,1824568000.0,663644000.0,271962000.0,137646000.0,229269000.0,51250000.0,47962000.0,1698000.0,-45550000.0,24.084754068343365
ANSS,2009-06-30,122026000.0,40660000.0,27137000.0,56172000.0,1835124000.0,626383000.0,238556000.0,128482000.0,251703000.0,43440000.0,42217000.0,-3218000.0,-29373000.0,28.88761907910544
ANSS,2009-09-30,128187000.0,47632000.0,30529000.0,64278000.0,1852729000.0,595688000.0,232131000.0,117860000.0,293338000.0,34079000.0,32171000.0,290000.0,2248000.0,34.29421868920326
ANSS,2009-12-31,150362000.0,60356000.0,37630000.0,76941000.0,1920182000.0,607551000.0,225426000.0,153819000.0,335878000.0,44920000.0,43028000.0,-9501000.0,8585000.0,41.0640624165535
ANSS,2010-03-31,136053000.0,49623000.0,32369000.0,64700000.0,1954531000.0,595493000.0,205346000.0,161199000.0,389240000.0,59731000.0,57861000.0,4979000.0,-8367000.0,43.32606537615666
ANSS,2010-06-30,137767000.0,52383000.0,35493000.0,67993000.0,1953550000.0,551000000.0,170275000.0,145252000.0,415488000.0,60155000.0,57606000.0,-2474000.0,-28384000.0,43.87333334059942
ANSS,2010-09-30,139843000.0,51877000.0,36130000.0,66946000.0,2118482000.0,658342000.0,164891000.0,170728000.0,494716000.0,72263000.0,67527000.0,-4714000.0,-1340000.0,42.322343707084656
ANSS,2010-12-31,166573000.0,65385000.0,49140000.0,82069000.0,2126876000.0,596947000.0,159525000.0,224006000.0,472479000.0,-25265000.0,-30370000.0,-4439000.0,8452000.0,48.03484380245209
ANSS,2011-03-31,158047000.0,62274000.0,42241000.0,77286000.0,2178360000.0,601727000.0,154177000.0,217496000.0,549934000.0,84859000.0,81518000.0,-3418000.0,-9229000.0,53.70919369113061
ANSS,2011-06-30,162258000.0,64813000.0,45431000.0,80411000.0,2237975000.0,597681000.0,148840000.0,203368000.0,629712000.0,78910000.0,74646000.0,-4280000.0,4238000.0,54.208253890749006
ANSS,2011-09-30,172935000.0,65329000.0,45546000.0,83287000.0,2347905000.0,654888000.0,138217000.0,199275000.0,406298000.0,66278000.0,61359000.0,-274634000.0,-5017000.0,51.5034373998642
ANSS,2011-12-31,198209000.0,73143000.0,47457000.0,93161000.0,2448470000.0,693997000.0,127572000.0,247898000.0,471828000.0,77614000.0,68075000.0,-9311000.0,332000.0,56.0
ANSS,2012-03-31,185345000.0,67828000.0,45539000.0,88825000.0,2517058000.0,696165000.0,116929000.0,255162000.0,557846000.0,83597000.0,78854000.0,-4744000.0,2402000.0,62.48629003955472
ANSS,2012-06-30,195016000.0,71134000.0,50262000.0,93187000.0,2513222000.0,692373000.0,106298000.0,271175000.0,551484000.0,74869000.0,65282000.0,-9510000.0,-64514000.0,63.52253989567832
ANSS,2012-09-30,196909000.0,73652000.0,51619000.0,95823000.0,2558304000.0,661814000.0,79723000.0,249098000.0,554887000.0,70361000.0,66809000.0,-49911000.0,-20972000.0,65.97333302573553
ANSS,2012-12-31,220748000.0,81639000.0,56063000.0,103795000.0,2607417000.0,667126000.0,53149000.0,312866000.0,576703000.0,69588000.0,63493000.0,-4791000.0,-41762000.0,68.39435528170678
ANSS,2013-03-31,197732000.0,69549000.0,51023000.0,90643000.0,2599700000.0,593812000.0,26574000.0,264097000.0,650993000.0,95434000.0,91347000.0,-4117000.0,-11883000.0,75.63583310445149
ANSS,2013-06-30,214850000.0,78425000.0,55945000.0,99697000.0,2576036000.0,578201000.0,26574000.0,235147000.0,659403000.0,87148000.0,82555000.0,-8835000.0,-67513000.0,75.45343768596649
ANSS,2013-09-30,212658000.0,81637000.0,62430000.0,101814000.0,2618279000.0,529981000.0,11200000.0,228564000.0,707334000.0,65440000.0,59973000.0,-5469000.0,-16294000.0,83.50484347343445
ANSS,2013-12-31,236020000.0,92252000.0,75929000.0,112205000.0,2722382000.0,586136000.0,18136000.0,298579000.0,742486000.0,84961000.0,70260000.0,-14756000.0,-34069000.0,85.86703169345856
ANSS,2014-03-31,215271000.0,79062000.0,56542000.0,99163000.0,2793229000.0,584516000.0,102000.0,232901000.0,857684000.0,131639000.0,127547000.0,-22533000.0,5501000.0,80.88491783767451
ANSS,2014-06-30,232375000.0,83532000.0,63036000.0,104477000.0,2799196000.0,579424000.0,32000.0,235892000.0,782915000.0,79833000.0,72002000.0,-92035000.0,-64199000.0,75.02015855577257
ANSS,2014-09-30,234000000.0,90808000.0,65479000.0,112419000.0,2789038000.0,533321000.0,0.0,211536000.0,816805000.0,81562000.0,72857000.0,-8746000.0,-23271000.0,78.42171883583069
ANSS,2014-12-31,254375000.0,94048000.0,69633000.0,114783000.0,2774103000.0,556602000.0,0.0,272335000.0,788064000.0,92273000.0,86878000.0,-5956000.0,-103673000.0,79.25156259536743
ANSS,2015-03-31,217781000.0,80058000.0,56132000.0,100909000.0,2681094000.0,529829000.0,0.0,223331000.0,760394000.0,114120000.0,110498000.0,-14166000.0,-111523000.0,84.5744261194448
ANSS,2015-06-30,235485000.0,86495000.0,62335000.0,107088000.0,2746030000.0,504725000.0,0.0,223146000.0,840354000.0,66412000.0,62352000.0,-4003000.0,12620000.0,88.8509523906405
ANSS,2015-09-30,237840000.0,90183000.0,66033000.0,110121000.0,2701566000.0,489970000.0,0.0,217360000.0,776239000.0,77795000.0,74712000.0,-33490000.0,-106535000.0,91.8448439836502
ANSS,2015-12-31,251647000.0,96943000.0,68021000.0,116642000.0,2729904000.0,535477000.0,0.0,269642000.0,784168000.0,109196000.0,103816000.0,-10373000.0,-86313000.0,92.27984380722046
ANSS,2016-03-31,225906000.0,85022000.0,56468000.0,103296000.0,2758828000.0,524925000.0,0.0,228250000.0,863435000.0,108575000.0,105880000.0,-2691000.0,-36201000.0,86.26786891749647
ANSS,2016-06-30,246069000.0,94155000.0,69628000.0,112981000.0,2747661000.0,511801000.0,0.0,240994000.0,843355000.0,70029000.0,66656000.0,-13633000.0,-77425000.0,88.3907812833786
ANSS,2016-09-30,245862000.0,100099000.0,69557000.0,118467000.0,2730357000.0,500592000.0,0.0,239222000.0,837916000.0,81989000.0,79838000.0,-3250000.0,-86230000.0,93.19093751907349
ANSS,2016-12-31,270628000.0,96966000.0,69983000.0,115379000.0,2800526000.0,592121000.0,0.0,322029000.0,822479000.0,96234000.0,92010000.0,-12599000.0,-79621000.0,92.10079362657336
ANSS,2017-03-31,253405000.0,85472000.0,63306000.0,102158000.0,2794693000.0,583248000.0,0.0,288356000.0,866188000.0,125893000.0,121836000.0,-10885000.0,-78334000.0,100.17629032750284
ANSS,2017-06-30,263924000.0,98394000.0,69730000.0,116290000.0,2760965000.0,571550000.0,0.0,256396000.0,857996000.0,112182000.0,108737000.0,-14365000.0,-112368000.0,117.81095208062068
ANSS,2017-09-30,275585000.0,106183000.0,73630000.0,124855000.0,2846013000.0,558759000.0,0.0,251615000.0,919571000.0,88885000.0,81572000.0,-36373000.0,5328000.0,125.56730131119016
ANSS,2017-12-31,302336000.0,100679000.0,52585000.0,120069000.0,2941623000.0,695792000.0,0.0,361477000.0,881501000.0,103478000.0,99144000.0,-35820000.0,-109277000.0,141.56857166593036
ANSS,2018-03-31,282873000.0,95061000.0,84280000.0,113651000.0,2959166000.0,551806000.0,0.0,405094000.0,885493000.0,132421000.0,129488000.0,-7236000.0,-129405000.0,159.90803302702358
ANSS,2018-06-30,305913000.0,108553000.0,92596000.0,126847000.0,3058250000.0,550771000.0,0.0,410014000.0,695894000.0,111121000.0,107303000.0,-288017000.0,8196000.0,166.4579679965973
ANSS,2018-09-30,289418000.0,93024000.0,89336000.0,108866000.0,3056111000.0,507565000.0,0.0,361951000.0,729180000.0,109961000.0,103635000.0,-6360000.0,-66074000.0,178.9750792488219
ANSS,2018-12-31,415432000.0,179936000.0,153163000.0,196976000.0,3265964000.0,616417000.0,0.0,498553000.0,777139000.0,132934000.0,124249000.0,-12067000.0,-75392000.0,155.343016609313
ANSS,2019-03-31,317130000.0,95649000.0,86230000.0,116564000.0,3372263000.0,687882000.0,87259000.0,412105000.0,607391000.0,151578000.0,144678000.0,-251683000.0,-69091000.0,169.14393465636206
ANSS,2019-06-30,368635000.0,128628000.0,109750000.0,148531000.0,3512842000.0,695556000.0,90420000.0,455635000.0,631455000.0,88539000.0,78493000.0,-59594000.0,-6467000.0,190.52142818390377
ANSS,2019-09-30,343899000.0,105047000.0,89463000.0,128469000.0,3582012000.0,658688000.0,91173000.0,430450000.0,732684000.0,120368000.0,111533000.0,-22171000.0,5522000.0,210.6040625572205
ANSS,2019-12-31,486228000.0,185716000.0,165852000.0,210894000.0,4838887000.0,1385508000.0,498531000.0,637830000.0,872094000.0,139451000.0,120292000.0,-500100000.0,499445000.0,236.55406260490415
ANSS,2020-03-31,304985000.0,34073000.0,46064000.0,57677000.0,4526085000.0,1233735000.0,530642000.0,524773000.0,717748000.0,147412000.0,140425000.0,-9599000.0,-288738000.0,257.7885473928144
ANSS,2020-06-30,385661000.0,112807000.0,96564000.0,136279000.0,4671866000.0,1233818000.0,527268000.0,503293000.0,744546000.0,131592000.0,121612000.0,-109967000.0,3187000.0,266.28238060360866
ANSS,2020-09-30,366965000.0,90085000.0,75627000.0,112838000.0,4846295000.0,1256682000.0,525700000.0,569605000.0,844741000.0,94539000.0,87311000.0,-11024000.0,9705000.0,313.2320318222046
ANSS,2020-12-31,623686000.0,259391000.0,215632000.0,304365000.0,5940590000.0,1842718000.0,919058000.0,761346000.0,912672000.0,173767000.0,162592000.0,-483663000.0,372443000.0,334.69500064849854
ANSS,2021-03-31,363226000.0,50022000.0,72398000.0,78020000.0,5818028000.0,1706059000.0,907657000.0,589993000.0,987427000.0,171107000.0,166062000.0,-15863000.0,-74208000.0,355.2218012575244
ANSS,2021-06-30,446654000.0,116773000.0,93716000.0,159260000.0,5890772000.0,1640554000.0,861534000.0,608897000.0,957704000.0,118877000.0,113087000.0,-100461000.0,-47895000.0,345.91031852601066
ANSS,2021-09-30,441168000.0,107628000.0,85342000.0,133195000.0,5974752000.0,1635508000.0,856293000.0,624849000.0,1080838000.0,157845000.0,150547000.0,-7332000.0,-24762000.0,361.2271862030029
ANSS,2021-12-31,655667000.0,238848000.0,203171000.0,264151000.0,6324314000.0,1840266000.0,857954000.0,918111000.0,667667000.0,101653000.0,96768000.0,-413157000.0,-98987000.0,384.2178111076355
ANSS,2022-03-31,425077000.0,81163000.0,70988000.0,110076000.0,6053183000.0,1689232000.0,867938000.0,722141000.0,657421000.0,210936000.0,205874000.0,-9964000.0,-204645000.0,326.5991929577243
ASML,2003-03-31,317169819.75,-90250056.75,-81675994.75,-75253685.5,3233132523.25,2003501470.25,1202001486.0,433704941.25,686408212.0,46741817.5,21383901.0,-18816624.75,-382574.5,5.367456225098157
ASML,2003-06-30,328487946.49,-73288569.86,-63400705.39,-61068835.91,3406961608.38,2234959820.5,1536015474.73,322824825.73,1247512672.01,212710114.36,214254416.86,1550885.49,370433968.52,6.183072529141865
ASML,2003-09-30,369779673.9,-18683115.15,-30477694.8,5475802.75,3167632571.25,2025030415.8,1407653785.65,300895176.75,1102990931.7,-15934052.36,-48359368.66,-1828286.04,-124982521.72,9.401508621871471
ASML,2003-12-31,523606913.77,27722356.52,15850491.88,56209088.28,2863275356.12,1713229301.14,858563994.22,313945963.49,1026012216.74,264925732.49,249849652.37,-6563466.09,-300392118.52,12.250149935483932
ASML,2004-03-31,452916831.58,34239877.1,20526881.4,55888472.62,3009975365.54,1832662535.54,1057246401.18,316970274.86,1150579184.58,108734031.9,96739320.42,2434980.0,7364191.18,13.511521416325722
ASML,2004-06-30,615626054.4,100409904.0,65291237.76,120533655.08,3120968551.68,1881823023.36,1049696901.12,396314755.2,1234344545.28,93506558.82,72981496.86,-17518396.32,7127300.66,11.674208318033529
ASML,2004-09-30,610372620.0,63205331.28,40905419.88,82293465.54,3274793858.7,1986717039.84,1063787800.14,396999540.6,1315543586.76,96173719.5,67296762.48,-17497132.2,3630704.46,9.741127967834473
ASML,2004-12-31,783615262.02,180653973.84,108483688.5,193888351.0,3241369608.4,1850795596.88,816729051.12,502781295.28,1227222890.0,-47333119.34,-60860333.44,-27772740.68,735117.54,10.374510154128076
ASML,2005-03-31,684418867.44,143799180.58,100223414.17,161558270.61,3346592168.81,1864496167.05,1099120349.69,483713610.05,1319148385.72,103822135.12,81074978.71,-21238239.33,1967146.5,11.591090655717691
ASML,2005-06-30,761716420.29,161304954.93,111588098.58,182391343.17,3446401885.29,1859118874.2,1083908409.57,484367474.43,1540945034.37,224174490.2,206195038.31,-15480956.61,4356999.51,11.041767492890358
ASML,2005-09-30,532579174.17,68951366.45,47714461.95,86958200.49,3523539088.5,1888532668.77,1123892727.31,403054836.47,1697934152.25,173441184.31,164195818.62,-8816717.02,-8665608.24,11.876547113060951
ASML,2005-12-31,548079875.96,74665787.2,51664681.57,94193700.3,3753171560.43,2042634117.14,382267262.67,302342345.14,1903163392.55,209515114.49,186882338.65,-15220634.64,5218026.4,12.862637262495737
ASML,2006-03-31,629075075.06,114286160.27,79993794.61,132018925.21,3806869218.31,2007376381.54,623012076.57,447176870.26,1670228619.95,-218926303.62,-235836533.59,-16218046.58,7543891.44,14.829718805128527
ASML,2006-06-30,942423354.6,237749184.4,167230663.6,256613674.24,3937987635.4,2279360847.4,622601343.0,540670166.4,1732697530.2,329974113.22,315922339.39,-13376755.02,-246221239.44,14.226411940559508
ASML,2006-09-30,957450983.96,238906320.16,171841468.64,268069943.08,3850550922.64,2110842405.2,593783017.2,673831085.64,1579269617.96,1998447.72,-14545656.88,-15172357.84,-138457643.12,14.523509979248049
ASML,2006-12-31,1070114519.98,280182871.59,205954334.49,300653004.96,3951032089.44,1794578915.03,388838173.41,672761285.59,1655855726.0,364460588.34,341228000.65,-20755598.69,-270821796.94,16.765522442166766
ASML,2007-03-31,959957086.8,196620512.4,153254185.92,257293546.08,4027338135.84,1871509289.76,650568256.08,648414648.96,1462776067.2,173245229.28,-64141860.72,-226213334.88,-137746268.4,17.21110342369705
ASML,2007-06-30,935143931.24,207797531.75,160496304.96,243009142.81,4904388917.99,2576820894.76,379971574.1,567724798.21,2299086962.19,260347010.19,217698899.07,-32723333.81,608704755.7,18.307445707775297
ASML,2007-09-30,940599422.49,211029877.8,168032032.14,248854292.77,5129283912.69,3285886703.82,905146767.42,611867514.72,2445909444.09,169411936.29,119369751.24,-48336260.14,28010075.03,20.598254915267702
ASML,2007-12-31,978096152.94,211096635.71,206999685.12,237382839.05,4074162450.06,2163539192.15,604172594.95,638980497.45,1273640013.9,68347328.08,218990148.33,-41217618.17,-1198927018.0,22.49575686454773
ASML,2008-03-31,918739694.3,187942189.42,145049265.63,222703687.23,4402160396.07,2445004298.33,614999717.68,741136864.39,1396432160.48,262548434.36,207544485.44,-53901565.13,-81017926.88,17.095205885465028
ASML,2008-06-30,844914654.4,150994358.1,192149277.35,183984159.54,4148722147.3,2086298001.9,592109768.2,517349711.15,1362118847.5,135135874.59,69558737.86,-66679520.52,-104699325.57,18.840306967496872
ASML,2008-09-30,695702374.17,83246310.63,73210849.4,119324802.66,4211708385.03,2091269828.14,596021568.37,573578137.76,1311502645.76,20023944.34,-47926737.98,-67950682.32,-1799550.15,15.294865131378174
ASML,2008-12-31,503616946.22,-134033544.91,-86793796.76,-95721552.05,3948736530.2,1955251082.68,718788962.5,470611112.58,1111814326.7,-136296403.27,-208185872.18,-71889468.91,2841645.36,10.82033045589924
ASML,2009-03-31,183625000.0,-146948000.0,-117191000.0,-110103000.0,3744947000.0,1948996000.0,661398000.0,297837000.0,1151010000.0,82241000.0,38338000.0,-42703000.0,-119000.0,11.328634465327028
ASML,2009-06-30,276600000.0,-124430000.0,-103953000.0,-93008000.0,3545061000.0,1853821000.0,651917000.0,213584000.0,1092660000.0,71035000.0,27698000.0,-43337000.0,-85564000.0,13.956275818839906
ASML,2009-09-30,555272000.0,38556000.0,19739000.0,75475000.0,3567658000.0,1861387000.0,660191000.0,403216000.0,1018028000.0,-74561000.0,-84588000.0,-4350000.0,4893000.0,18.066889137029648
ASML,2009-12-31,580566000.0,67809000.0,50480000.0,96287000.0,3727497000.0,1952729000.0,663102000.0,398992000.0,1037074000.0,19049000.0,11357000.0,-7692000.0,7346000.0,21.39951840043068
ASML,2010-03-31,741800000.0,136900000.0,107300000.0,171600000.0,4394800000.0,2583800000.0,711800000.0,653100000.0,1087300000.0,41100000.0,33900000.0,-7200000.0,10000000.0,22.865735632474305
ASML,2010-06-30,1068700000.0,292400000.0,239200000.0,328600000.0,4866700000.0,2787400000.0,728600000.0,811500000.0,1188600000.0,193000000.0,175000000.0,-18000000.0,-79500000.0,21.88353965395973
ASML,2010-09-30,1176000000.0,327800000.0,268500000.0,368800000.0,5461100000.0,3141800000.0,735400000.0,927300000.0,1548000000.0,403500000.0,368900000.0,-34600000.0,2300000.0,20.437361478805546
ASML,2010-12-31,1521438000.0,493599000.0,406820000.0,548268000.0,6180358000.0,3406450000.0,710060000.0,1225223000.0,1949834000.0,302448000.0,233520000.0,-65103000.0,159902000.0,23.759474605321884
ASML,2011-03-31,1452200000.0,449800000.0,395000000.0,490900000.0,6956700000.0,3904800000.0,695600000.0,1018800000.0,2699500000.0,1100600000.0,1033900000.0,-66700000.0,-272000000.0,29.134412980848744
ASML,2011-06-30,1529400000.0,494400000.0,432100000.0,539100000.0,7076100000.0,3966700000.0,705700000.0,957000000.0,2742100000.0,499300000.0,438600000.0,-60700000.0,-394000000.0,27.68703639318073
ASML,2011-09-30,1458500000.0,407300000.0,355200000.0,452500000.0,7107600000.0,3823400000.0,733100000.0,928000000.0,2838100000.0,338200000.0,258400000.0,-79800000.0,-171800000.0,24.897099792957302
ASML,2011-12-31,1210935000.0,289716000.0,284660000.0,331320000.0,7260815000.0,3816661000.0,736368000.0,959480000.0,2731782000.0,132340000.0,38642000.0,-93698000.0,-153761000.0,28.10062717256092
ASML,2012-03-31,1251900000.0,322900000.0,282000000.0,373100000.0,7399300000.0,3787300000.0,736800000.0,840000000.0,2953400000.0,395600000.0,345100000.0,-50500000.0,-120000000.0,31.95260703179144
ASML,2012-06-30,1227700000.0,331100000.0,291900000.0,387000000.0,7612266000.0,3653299000.0,741108000.0,777642000.0,1851790000.0,74100000.0,35300000.0,-888800000.0,-294200000.0,34.43958691188267
ASML,2012-09-30,1228800000.0,317500000.0,274700000.0,351700000.0,10587700000.0,3682000000.0,747300000.0,585000000.0,5118800000.0,489300000.0,439100000.0,-240200000.0,3022100000.0,39.64863913399832
ASML,2012-12-31,1023100000.0,185300000.0,297700000.0,225420000.0,7410478000.0,3343585000.0,759490000.0,988514000.0,1767596000.0,-255522000.0,-295558000.0,59667000.0,-3153483000.0,45.335224336193455
ASML,2013-03-31,892100000.0,107500000.0,96200000.0,148700000.0,7613500000.0,3441400000.0,0.0,0.0,1780100000.0,-56300000.0,-87600000.0,58700000.0,9600000.0,62.99665381113688
ASML,2013-06-30,1186700000.0,230600000.0,220800000.0,273400000.0,10377800000.0,3879800000.0,735600000.0,914600000.0,1592300000.0,481300000.0,430800000.0,-372500000.0,-294500000.0,68.18156188726425
ASML,2013-09-30,1318200000.0,212200000.0,193100000.0,268500000.0,11067200000.0,4464100000.0,0.0,0.0,2061200000.0,107400000.0,52100000.0,40500000.0,325200000.0,81.25311720371246
ASML,2013-12-31,1848300000.0,479800000.0,481100000.0,543875000.0,11513730000.0,4591303000.0,1074570000.0,1257212000.0,2330694000.0,521773000.0,444069000.0,-95041000.0,-153411000.0,83.66206848621368
ASML,2014-03-31,1396500000.0,265700000.0,249100000.0,327800000.0,11758300000.0,4701400000.0,1097300000.0,1222900000.0,2398100000.0,203400000.0,127900000.0,4700000.0,-140600000.0,80.32139012070952
ASML,2014-06-30,1643600000.0,425400000.0,398700000.0,491000000.0,11888500000.0,4808100000.0,1118400000.0,1476900000.0,2111000000.0,198400000.0,124700000.0,-73600000.0,-413900000.0,78.43167380681113
ASML,2014-09-30,1322200000.0,261400000.0,244000000.0,319800000.0,12096600000.0,4772500000.0,1137400000.0,1293800000.0,2144800000.0,214200000.0,130000000.0,-24300000.0,-160800000.0,85.73426389694214
ASML,2014-12-31,1493977000.0,329735000.0,304840000.0,401179000.0,12203945000.0,4691355000.0,1154137000.0,1333588000.0,2419487000.0,409206000.0,281374000.0,76988000.0,-213139000.0,92.43131005764008
ASML,2015-03-31,1649900000.0,455700000.0,402700000.0,519200000.0,13091100000.0,5014300000.0,1155500000.0,1548900000.0,2778500000.0,337200000.0,250500000.0,124200000.0,-111700000.0,95.79128015236776
ASML,2015-06-30,1654100000.0,418900000.0,369700000.0,493100000.0,12675300000.0,4712700000.0,1115800000.0,1585800000.0,2495000000.0,283800000.0,204600000.0,-107200000.0,-457900000.0,97.9473886641245
ASML,2015-09-30,1549200000.0,372400000.0,322400000.0,450000000.0,12705600000.0,4560700000.0,1125300000.0,1585900000.0,2680900000.0,419800000.0,333300000.0,-99300000.0,-133000000.0,86.93130505084991
ASML,2015-12-31,1434175000.0,318135000.0,292374000.0,403204000.0,13295031000.0,4906200000.0,1129685000.0,1164631000.0,2458717000.0,984780000.0,864302000.0,-1077613000.0,-131346000.0,83.62755167484283
ASML,2016-03-31,1333200000.0,228000000.0,198000000.0,306700000.0,13143600000.0,4840200000.0,1144300000.0,1295700000.0,2063400000.0,-5800000.0,-64600000.0,-182700000.0,-204100000.0,82.82560454821977
ASML,2016-06-30,1739600000.0,404200000.0,353800000.0,491800000.0,13303500000.0,5154300000.0,901900000.0,1434400000.0,1926100000.0,481100000.0,380900000.0,-23500000.0,-606800000.0,90.03103315830231
ASML,2016-09-30,1814600000.0,495600000.0,395900000.0,579500000.0,14802200000.0,6289000000.0,2390600000.0,1665400000.0,2913000000.0,-2700000.0,-71600000.0,-484500000.0,1481200000.0,98.37855875492096
ASML,2016-12-31,1907400000.0,529900000.0,524200000.0,707828000.0,17205961000.0,7385480000.0,3319465000.0,1220777000.0,2906868000.0,1193306000.0,1096484000.0,-2497778000.0,1293339000.0,97.31920345245844
ASML,2017-03-31,1943600000.0,534800000.0,452100000.0,641100000.0,17324800000.0,7081800000.0,3040300000.0,1348700000.0,2910600000.0,-168400000.0,-212200000.0,150500000.0,11800000.0,114.26888681227162
ASML,2017-06-30,2101400000.0,555800000.0,466300000.0,663500000.0,17272100000.0,7239500000.0,2995500000.0,1670800000.0,1914200000.0,530300000.0,469000000.0,-754900000.0,-744300000.0,123.89271073114304
ASML,2017-09-30,2447400000.0,655600000.0,557100000.0,756800000.0,17496400000.0,7149600000.0,2996700000.0,1876000000.0,2077600000.0,400000000.0,302200000.0,-71600000.0,-154000000.0,143.74161142016214
ASML,2017-12-31,2560400000.0,750000000.0,659700000.0,859500000.0,18196400000.0,7520200000.0,3025300000.0,1965700000.0,2259000000.0,1036700000.0,881600000.0,-533300000.0,-322600000.0,165.5519745841859
ASML,2018-03-31,2285000000.0,642200000.0,557300000.0,744800000.0,18644200000.0,7582500000.0,2978600000.0,2156100000.0,2464800000.0,191000000.0,55700000.0,182200000.0,-160200000.0,184.76561399366037
ASML,2018-06-30,3239000000.0,815000000.0,618700000.0,836300000.0,21777000000.0,9134000000.0,2982250000.0,2706000000.0,2334000000.0,1134000000.0,206800000.0,158000000.0,-1213000000.0,189.59887957572937
ASML,2018-09-30,2776100000.0,817800000.0,680100000.0,927800000.0,19457600000.0,8303600000.0,2985900000.0,2910300000.0,2203200000.0,492200000.0,357900000.0,-244800000.0,-365900000.0,189.825202094184
ASML,2018-12-31,3142500000.0,815900000.0,768300000.0,920900000.0,20136900000.0,8495900000.0,3026500000.0,2400900000.0,3121100000.0,1630400000.0,1425900000.0,-367000000.0,-353000000.0,160.55671982538132
ASML,2019-03-31,2229100000.0,334300000.0,343400000.0,439100000.0,20360600000.0,8394900000.0,3082500000.0,2600700000.0,2253000000.0,-480800000.0,-714500000.0,-342400000.0,-48100000.0,167.56074724041048
ASML,2019-06-30,2567900000.0,494300000.0,468300000.0,602700000.0,20033900000.0,8488600000.0,3132400000.0,2769100000.0,1661100000.0,99500000.0,-40500000.0,208600000.0,-895600000.0,189.7716628786117
ASML,2019-09-30,2986500000.0,685600000.0,615200000.0,798000000.0,20699200000.0,8628100000.0,3170000000.0,3313000000.0,1586100000.0,69400000.0,-127600000.0,-7300000.0,-142000000.0,215.8095965385437
ASML,2019-12-31,4036400000.0,1276500000.0,1147200000.0,1411100000.0,22629600000.0,10037400000.0,3108300000.0,2850500000.0,3532300000.0,3588300000.0,3273100000.0,-1016400000.0,-626600000.0,259.4467558860779
ASML,2020-03-31,2440600000.0,426700000.0,366800000.0,545000000.0,23277600000.0,10752400000.0,3868200000.0,3337200000.0,2723700000.0,-605800000.0,-848100000.0,-444300000.0,240000000.0,273.6842956542969
ASML,2020-06-30,3325700000.0,905100000.0,731600000.0,1030200000.0,24306100000.0,11606300000.0,4625000000.0,3463200000.0,3499100000.0,371900000.0,140100000.0,214800000.0,191900000.0,303.12210228329616
ASML,2020-09-30,3958000000.0,1215900000.0,1061500000.0,1358400000.0,25463400000.0,11720900000.0,4626700000.0,4756600000.0,3531500000.0,0.0,0.0,0.0,9500000.0,361.3771362304688
ASML,2020-12-31,4254100000.0,1503700000.0,1325500000.0,1637500000.0,27267400000.0,13402000000.0,4678200000.0,3332900000.0,6049400000.0,4670400000.0,4365300000.0,-956100000.0,-1194400000.0,407.9278230667114
ASML,2021-03-31,4363900000.0,1560600000.0,1318200000.0,1678500000.0,27218700000.0,13589800000.0,4634200000.0,5374900000.0,3243800000.0,-941700000.0,-1139000000.0,-306700000.0,-1560200000.0,538.283823982614
ASML,2021-06-30,4020200000.0,1239000000.0,1025000000.0,1351700000.0,27815500000.0,15722200000.0,4619900000.0,5206500000.0,5186600000.0,3568900000.0,3321500000.0,990400000.0,-2612600000.0,641.3943403940352
ASML,2021-09-30,5241300000.0,1919300000.0,1637900000.0,2035500000.0,27298000000.0,15795600000.0,4105800000.0,5130700000.0,4318700000.0,1801600000.0,1596600000.0,-279600000.0,-2391900000.0,765.1034231185913
ASML,2021-12-31,4985600000.0,2031200000.0,1703000000.0,2165400000.0,30231000000.0,20090400000.0,4075000000.0,4420200000.0,6951800000.0,6417000000.0,6126300000.0,-476100000.0,-3327000000.0,774.5819330215454
ASML,2022-03-31,3534400000.0,784600000.0,654600000.0,915600000.0,30231800000.0,21421400000.0,3951700000.0,5944500000.0,4324100000.0,-586100000.0,-837700000.0,-11700000.0,-2030200000.0,653.5485308247228
CDNS,2003-03-31,263100000.0,-23057000.0,-13000000.0,41231000.0,2292800000.0,688600000.0,11651000.0,297600000.0,239400000.0,1035000.0,-42577000.0,-49181000.0,-82668000.0,10.137377051056408
CDNS,2003-06-30,276600000.0,-2916000.0,-5300000.0,50935000.0,2439700000.0,807900000.0,36033000.0,328000000.0,207200000.0,36881000.0,43033000.0,-102316000.0,31253000.0,11.989047655983576
CDNS,2003-09-30,268800000.0,-45916000.0,-14500000.0,17172000.0,2671300000.0,1219800000.0,420901000.0,288700000.0,394200000.0,70405000.0,55512000.0,-69186000.0,171703000.0,13.419531255960464
CDNS,2003-12-31,311100000.0,61925000.0,15200000.0,95597000.0,2817900000.0,1245600000.0,420388000.0,348700000.0,309200000.0,62680000.0,32152000.0,-105292000.0,28932000.0,16.0110936909914
CDNS,2004-03-31,265700000.0,-7039000.0,-8800000.0,43574000.0,2845500000.0,1225100000.0,420000000.0,354900000.0,466900000.0,59660000.0,41831000.0,-17247000.0,38068000.0,16.318064597345167
CDNS,2004-06-30,287100000.0,9665000.0,3800000.0,62104000.0,2795900000.0,1228700000.0,420000000.0,347600000.0,389700000.0,101360000.0,85501000.0,-113187000.0,-64289000.0,13.99258065992786
CDNS,2004-09-30,301600000.0,34271000.0,19600000.0,81476000.0,2820000000.0,1225900000.0,420000000.0,355700000.0,423600000.0,72924000.0,59824000.0,-35510000.0,-4314000.0,12.875937566161156
CDNS,2004-12-31,343100000.0,64275000.0,59800000.0,115957000.0,2989800000.0,1289900000.0,420000000.0,384100000.0,448500000.0,138578000.0,123587000.0,-49009000.0,9458000.0,13.350624978542328
CDNS,2005-03-31,292500000.0,-1621000.0,1000000.0,47235000.0,2978200000.0,1233000000.0,420000000.0,289100000.0,656800000.0,66993000.0,47406000.0,99382000.0,39562000.0,13.83557379050333
CDNS,2005-06-30,320900000.0,186000.0,500000.0,53396000.0,3063900000.0,1291900000.0,420000000.0,297300000.0,543600000.0,128989000.0,115315000.0,-256924000.0,12302000.0,14.070468723773956
CDNS,2005-09-30,337400000.0,30235000.0,21300000.0,83237000.0,3114500000.0,1247700000.0,420000000.0,277100000.0,618800000.0,53629000.0,36936000.0,-34705000.0,57486000.0,15.464375004172323
CDNS,2005-12-31,378363000.0,90032000.0,26566000.0,133262000.0,3401312000.0,1556608000.0,631864000.0,282073000.0,861315000.0,176672000.0,154970000.0,-30450000.0,95999000.0,16.745555635482546
CDNS,2006-03-31,328200000.0,13019000.0,21800000.0,82882000.0,3381800000.0,1494200000.0,547000000.0,242600000.0,872900000.0,41394000.0,26115000.0,5079000.0,-34432000.0,17.516613006591797
CDNS,2006-06-30,358500000.0,42310000.0,30400000.0,95683000.0,3404100000.0,1521100000.0,514000000.0,295500000.0,825900000.0,114955000.0,88883000.0,-68453000.0,-89252000.0,18.02888894459558
CDNS,2006-09-30,366148000.0,65748000.0,42060000.0,107100000.0,3279742000.0,1398378000.0,481000000.0,248624000.0,757510000.0,60144000.0,46816000.0,-31516000.0,-99829000.0,16.239999998183478
CDNS,2006-12-31,431000000.0,103515000.0,48400000.0,113223000.0,3442800000.0,1743500000.0,758400000.0,238400000.0,934300000.0,204723000.0,183357000.0,-16872000.0,-10414000.0,18.034761943514383
CDNS,2007-03-31,365185000.0,46857000.0,44421000.0,94847000.0,3569720000.0,1700815000.0,752887000.0,256343000.0,946754000.0,18963000.0,-1431000.0,28044000.0,-35420000.0,19.72295076338971
CDNS,2007-06-30,390961000.0,73724000.0,59596000.0,116255000.0,3763974000.0,1711574000.0,750630000.0,242353000.0,1128529000.0,101182000.0,83580000.0,-19385000.0,98579000.0,22.43936502365839
CDNS,2007-09-30,400900000.0,84868000.0,72700000.0,132539000.0,3739300000.0,1786400000.0,730385000.0,278200000.0,935600000.0,88783000.0,69374000.0,-84104000.0,-197019000.0,21.556984068855407
CDNS,2007-12-31,457900000.0,112466000.0,119500000.0,156952000.0,3871200000.0,1791100000.0,730385000.0,326200000.0,1062900000.0,193510000.0,167120000.0,-32998000.0,-36206000.0,18.595000058412552
CDNS,2008-03-31,270800000.0,-27003000.0,-33100000.0,-8623000.0,3618100000.0,1734800000.0,730385000.0,327000000.0,825500000.0,-19081000.0,-44051000.0,-27280000.0,-192863000.0,12.32409833689205
CDNS,2008-06-30,308000000.0,19386000.0,-18800000.0,27551000.0,3638200000.0,1738700000.0,730385000.0,308800000.0,836500000.0,76556000.0,40382000.0,-66287000.0,265000.0,11.110468789935112
CDNS,2008-09-30,232500000.0,-109172000.0,-170700000.0,-88654000.0,3248800000.0,1543800000.0,500200000.0,278500000.0,551800000.0,-19747000.0,-40914000.0,-18832000.0,-248739000.0,8.079218782484531
CDNS,2008-12-31,227300000.0,-1421210000.0,-1634100000.0,-1407540000.0,1679900000.0,1493100000.0,416600000.0,298700000.0,568300000.0,32558000.0,15191000.0,-14486000.0,-2082000.0,3.972656261175871
CDNS,2009-03-31,206300000.0,-48416000.0,-63300000.0,7012557000.0,1515100000.0,1367500000.0,421400000.0,245700000.0,554400000.0,-7338000.0,-22156000.0,-19511000.0,18066000.0,4.027377050431048
CDNS,2009-06-30,209900000.0,-53778000.0,-74400000.0,-32568000.0,1452700000.0,1366300000.0,426200000.0,225400000.0,556900000.0,10344000.0,2486000.0,-9611000.0,-1700000.0,5.428412694779653
CDNS,2009-09-30,216100000.0,-10141000.0,-14000000.0,14089000.0,1414200000.0,1318000000.0,431100000.0,195500000.0,570600000.0,21723000.0,13121000.0,-18443000.0,4974000.0,6.215312495827675
CDNS,2009-12-31,220300000.0,-11256000.0,1800000.0,15285000.0,1410600000.0,1302200000.0,436000000.0,200600000.0,569100000.0,908000.0,-9896000.0,-2944000.0,-373000.0,6.515937499701977
CDNS,2010-03-31,221900000.0,-5320000.0,-11800000.0,7445665000.0,1415000000.0,1296000000.0,441100000.0,181200000.0,619300000.0,46703000.0,36317000.0,-1422000.0,4276000.0,6.1206557008086655
CDNS,2010-06-30,227100000.0,5219000.0,48600000.0,8840000.0,1695800000.0,1533100000.0,541800000.0,191300000.0,475600000.0,48998000.0,38102000.0,-264178000.0,72217000.0,6.708730137537396
CDNS,2010-09-30,237900000.0,-3083000.0,126800000.0,-6238000.0,1705900000.0,1410000000.0,548100000.0,202200000.0,509000000.0,46428000.0,36064000.0,-13987000.0,-8734000.0,6.860312521457672
CDNS,2010-12-31,249000000.0,-25782000.0,-37000000.0,-18160000.0,1732100000.0,1455500000.0,549658000.0,191900000.0,557400000.0,57014000.0,51172000.0,-5525000.0,-7821000.0,8.149999983608723
CDNS,2011-03-31,266100000.0,17544000.0,6300000.0,27207000.0,1815700000.0,1518000000.0,556199000.0,172500000.0,612200000.0,56365000.0,51184000.0,-4153000.0,3374000.0,9.345322562802222
CDNS,2011-06-30,283300000.0,24957000.0,26900000.0,43476000.0,1874600000.0,1543300000.0,562757000.0,150200000.0,665300000.0,69413000.0,63282000.0,-18259000.0,-2323000.0,10.28587301950606
CDNS,2011-09-30,292500000.0,32177000.0,28100000.0,47551000.0,1860700000.0,1484100000.0,569530000.0,152400000.0,696100000.0,52427000.0,46036000.0,-25539000.0,6085000.0,9.462187513709068
CDNS,2011-12-31,308006000.0,45699000.0,10892000.0,66380000.0,1761269000.0,1350139000.0,425981000.0,138522000.0,601602000.0,62137000.0,48419000.0,-8546000.0,-151940000.0,10.505238139440143
CDNS,2012-03-31,315830000.0,45350000.0,31104000.0,69723000.0,1794832000.0,1334080000.0,431112000.0,337772000.0,659687000.0,60709000.0,52508000.0,-9448000.0,9391000.0,11.402096763733894
CDNS,2012-06-30,326476000.0,50620000.0,36386000.0,76086000.0,1829257000.0,1327244000.0,436298000.0,123243000.0,661658000.0,67479000.0,57411000.0,-59015000.0,-5096000.0,10.928730132087829
CDNS,2012-09-30,338500000.0,59441000.0,58600000.0,99875000.0,1988500000.0,1400100000.0,441629000.0,123200000.0,649100000.0,91930000.0,84267000.0,-117919000.0,13847000.0,12.46952377803742
CDNS,2012-12-31,345600000.0,56261000.0,313900000.0,83748000.0,2287000000.0,1371800000.0,447000000.0,97800000.0,726400000.0,95876000.0,85842000.0,-14858000.0,-2309000.0,12.874354885470485
CDNS,2013-03-31,354300000.0,58136000.0,78600000.0,81944000.0,2323300000.0,1303600000.0,452600000.0,75300000.0,810200000.0,75336000.0,68767000.0,-1821000.0,15194000.0,14.005500014623006
CDNS,2013-06-30,362500000.0,45142000.0,9400000.0,72423000.0,2563100000.0,1522800000.0,558200000.0,92600000.0,577200000.0,74895000.0,57725000.0,-409087000.0,107467000.0,14.075156271457672
CDNS,2013-09-30,366600000.0,47930000.0,38500000.0,76187000.0,2557400000.0,1461200000.0,513800000.0,101900000.0,620400000.0,98210000.0,85999000.0,-6147000.0,-45218000.0,14.35343749821186
CDNS,2013-12-31,376700000.0,37799000.0,37700000.0,64235000.0,2428600000.0,1272500000.0,324800000.0,107600000.0,536300000.0,119164000.0,110185000.0,-9840000.0,-193734000.0,13.412812516093254
CDNS,2014-03-31,378600000.0,42312000.0,33100000.0,71785000.0,2524200000.0,1310000000.0,329100000.0,106300000.0,532800000.0,28098000.0,21846000.0,-34188000.0,-129000.0,14.831147600392828
CDNS,2014-06-30,378800000.0,35497000.0,23300000.0,64761000.0,2785800000.0,1525300000.0,433300000.0,101900000.0,557400000.0,68865000.0,57402000.0,-146302000.0,100094000.0,15.98920634436229
CDNS,2014-09-30,400500000.0,54049000.0,37500000.0,84310000.0,2705900000.0,1421200000.0,337700000.0,107600000.0,500500000.0,87692000.0,77449000.0,-10794000.0,-127843000.0,17.355312407016754
CDNS,2014-12-31,423100000.0,74786000.0,65000000.0,109999000.0,3209600000.0,1876000000.0,691199000.0,122500000.0,932200000.0,132067000.0,120215000.0,-6731000.0,316843000.0,17.948437482118607
CDNS,2015-03-31,411400000.0,49285000.0,36300000.0,83587000.0,3062600000.0,1699400000.0,642367000.0,133900000.0,887700000.0,46688000.0,39168000.0,-8416000.0,-73682000.0,18.20606563130363
CDNS,2015-06-30,415900000.0,76404000.0,58200000.0,107310000.0,2380700000.0,983400000.0,348700000.0,131300000.0,647900000.0,121754000.0,105207000.0,-19688000.0,-336943000.0,19.38412684486026
CDNS,2015-09-30,433800000.0,77901000.0,77600000.0,108720000.0,2331100000.0,946600000.0,348800000.0,133700000.0,616100000.0,86907000.0,76881000.0,-6423000.0,-107916000.0,20.374999940395355
CDNS,2015-12-31,441100000.0,81840000.0,80400000.0,114559000.0,2345500000.0,969400000.0,343300000.0,164800000.0,616700000.0,122851000.0,112136000.0,-9977000.0,-107769000.0,21.702187418937683
CDNS,2016-03-31,447900000.0,58036000.0,50600000.0,94088000.0,2539000000.0,1305000000.0,692900000.0,147500000.0,810400000.0,83191000.0,71075000.0,-13911000.0,118433000.0,20.942950920980486
CDNS,2016-06-30,453000000.0,66906000.0,49300000.0,101224000.0,2377900000.0,1302500000.0,693100000.0,156400000.0,669600000.0,80366000.0,64195000.0,7338000.0,-230349000.0,23.95390620827675
CDNS,2016-09-30,446200000.0,66842000.0,64700000.0,96620000.0,2194100000.0,1267300000.0,693300000.0,152000000.0,524300000.0,84460000.0,70295000.0,13144000.0,-244141000.0,25.01093742251396
CDNS,2016-12-31,468980000.0,53117000.0,38477000.0,88460000.0,2096908000.0,1355138000.0,693493000.0,157171000.0,465232000.0,196862000.0,185602000.0,-5214000.0,-236640000.0,25.718730230180043
CDNS,2017-03-31,476900000.0,79602000.0,68300000.0,109573000.0,2191200000.0,1350600000.0,693700000.0,180600000.0,544100000.0,92430000.0,77587000.0,-14736000.0,-548000.0,29.181935494945897
CDNS,2017-06-30,479000000.0,82690000.0,69100000.0,112958000.0,2267700000.0,1315900000.0,643900000.0,153200000.0,656000000.0,162140000.0,149495000.0,-12563000.0,-46097000.0,33.276031736343626
CDNS,2017-09-30,485398000.0,80385000.0,81157000.0,121073000.0,2305227000.0,1294487000.0,648281000.0,170312000.0,678284000.0,89314000.0,77126000.0,-3398000.0,-62872000.0,36.84269859677269
CDNS,2017-12-31,501700000.0,81278000.0,-14400000.0,209331000.0,2418700000.0,1429500000.0,729400000.0,190400000.0,688100000.0,126856000.0,108631000.0,-160512000.0,39370000.0,42.98380963764493
CDNS,2018-03-31,517313000.0,85833000.0,72885000.0,114533000.0,2486673000.0,1344375000.0,689592000.0,225822000.0,746968000.0,157647000.0,144519000.0,-13128000.0,-97056000.0,40.77590154428951
CDNS,2018-06-30,518391000.0,93056000.0,75149000.0,126587000.0,2527865000.0,1339877000.0,644818000.0,219072000.0,819540000.0,205266000.0,187289000.0,-17977000.0,-96305000.0,41.1207811832428
CDNS,2018-09-30,532468000.0,103630000.0,99318000.0,134457000.0,2273207000.0,1015790000.0,345113000.0,255987000.0,544585000.0,109954000.0,99298000.0,-10656000.0,-366971000.0,45.515872955322266
CDNS,2018-12-31,569850000.0,113690000.0,98425000.0,146682000.0,2468654000.0,1180253000.0,445291000.0,307137000.0,533298000.0,131884000.0,112142000.0,-132084000.0,-7607000.0,43.41777813623822
CDNS,2019-03-31,576742000.0,128396000.0,120555000.0,162377000.0,2546311000.0,1180474000.0,395470000.0,276978000.0,538898000.0,185414000.0,170139000.0,-45987000.0,-134078000.0,52.97606552624312
CDNS,2019-06-30,580419000.0,133675000.0,107235000.0,167526000.0,2612325000.0,1181780000.0,345652000.0,248110000.0,633415000.0,246360000.0,231073000.0,-15678000.0,-134885000.0,66.8522217765687
CDNS,2019-09-30,579603000.0,120826000.0,101514000.0,152932000.0,2662198000.0,1181936000.0,345833000.0,283427000.0,655216000.0,138530000.0,121565000.0,-16965000.0,-88057000.0,70.32734382152557
CDNS,2019-12-31,599555000.0,108899000.0,659675000.0,138313000.0,3357225000.0,1254331000.0,346019000.0,314755000.0,705210000.0,159296000.0,132218000.0,-27078000.0,-86866000.0,67.05734354257584
CDNS,2020-03-31,617957000.0,139351000.0,123988000.0,168844000.0,3767973000.0,1609979000.0,696205000.0,300078000.0,946285000.0,217719000.0,195540000.0,-215999000.0,245762000.0,69.3712903914913
CDNS,2020-06-30,638418000.0,151950000.0,131288000.0,193957000.0,3999497000.0,1742866000.0,696394000.0,312758000.0,1189186000.0,345124000.0,323768000.0,-22654000.0,-80788000.0,83.70523773677765
CDNS,2020-09-30,666607000.0,169272000.0,161630000.0,208717000.0,4140152000.0,1744434000.0,696584000.0,300413000.0,1306564000.0,206557000.0,186347000.0,-22654000.0,-79085000.0,105.20796883106232
CDNS,2020-12-31,759909000.0,184979000.0,173738000.0,232115000.0,3950785000.0,1457767000.0,460709000.0,338487000.0,928432000.0,135522000.0,104454000.0,-30851000.0,-501178000.0,117.29765558242798
CDNS,2021-03-31,736028000.0,203666000.0,187169000.0,237748000.0,3998959000.0,1456527000.0,346988000.0,388666000.0,742981000.0,208442000.0,191474000.0,-206230000.0,-182268000.0,134.17491825291367
CDNS,2021-06-30,728285000.0,185438000.0,155900000.0,222815000.0,4122548000.0,1605805000.0,347186000.0,389986000.0,847160000.0,380376000.0,366205000.0,-45569000.0,-237108000.0,132.501587761773
CDNS,2021-09-30,750895000.0,194034000.0,176307000.0,227620000.0,4213875000.0,1582613000.0,347385000.0,327191000.0,1013819000.0,296283000.0,277445000.0,-18076000.0,-108763000.0,152.3892183303833
CDNS,2021-12-31,773036000.0,195680000.0,176579000.0,224962000.0,4386299000.0,1645624000.0,454709000.0,337596000.0,1088940000.0,215857000.0,198953000.0,-23079000.0,-115653000.0,174.318749666214
CDNS,2022-03-31,901766000.0,318929000.0,235335000.0,349780000.0,4395067000.0,1634884000.0,347792000.0,361789000.0,1134752000.0,336608000.0,317728000.0,-19880000.0,-260686000.0,153.40806431924142
CSCO,2003-03-31,4618000000.0,1246000000.0,987000000.0,1925000000.0,36256000000.0,8611000000.0,0.0,1338000000.0,3940000000.0,1359000000.0,1140000000.0,-2072000000.0,-1260000000.0,9.48737257035052
CSCO,2003-06-30,4702000000.0,1204000000.0,982000000.0,2356000000.0,37107000000.0,9078000000.0,0.0,1480000000.0,3925000000.0,1265000000.0,1102000000.0,-399000000.0,-1939000000.0,10.777772267659506
CSCO,2003-09-30,5101000000.0,1390000000.0,1086000000.0,2061000000.0,35850000000.0,8431000000.0,0.0,1528000000.0,4158000000.0,1549000000.0,1336000000.0,-448000000.0,-1116000000.0,13.08891960978508
CSCO,2003-12-31,5398000000.0,1547000000.0,724000000.0,1875000000.0,36590000000.0,8954000000.0,0.0,2097000000.0,4225000000.0,973000000.0,800000000.0,1054000000.0,-1794000000.0,15.213593289256096
CSCO,2004-03-31,5620000000.0,1554000000.0,1211000000.0,2223000000.0,35197000000.0,9216000000.0,0.0,1605000000.0,3949000000.0,1661000000.0,1441000000.0,-170000000.0,-1424000000.0,16.801786192001835
CSCO,2004-06-30,5926000000.0,1801000000.0,1380000000.0,2246000000.0,35594000000.0,9678000000.0,0.0,1825000000.0,3722000000.0,2405000000.0,2311000000.0,218000000.0,-2899000000.0,15.56022757868613
CSCO,2004-09-30,5971000000.0,1788000000.0,1396000000.0,2423000000.0,34313000000.0,9724000000.0,0.0,1792000000.0,3309000000.0,2082000000.0,1956000000.0,-636000000.0,-1673000000.0,13.71834233403206
CSCO,2004-12-31,6062000000.0,1813000000.0,1400000000.0,2410000000.0,33825000000.0,10074000000.0,0.0,2278000000.0,2473000000.0,1511000000.0,1352000000.0,947000000.0,-2871000000.0,13.085395827889442
CSCO,2005-03-31,6187000000.0,1818000000.0,1405000000.0,2132000000.0,33970000000.0,10203000000.0,0.0,2241000000.0,2641000000.0,1737000000.0,1606000000.0,-216000000.0,-2357000000.0,12.338695401051003
CSCO,2005-06-30,6581000000.0,1997000000.0,1540000000.0,2576000000.0,33883000000.0,10709000000.0,0.0,2216000000.0,4742000000.0,1884000000.0,1704000000.0,170000000.0,-1886000000.0,12.734150126576424
CSCO,2005-09-30,6550000000.0,1622000000.0,1261000000.0,2160000000.0,31755000000.0,10318000000.0,0.0,2342000000.0,1704000000.0,2436000000.0,2214000000.0,1713000000.0,-2048000000.0,12.679881662130356
CSCO,2005-12-31,6628000000.0,1731000000.0,1375000000.0,2370000000.0,33652000000.0,10688000000.0,0.0,2537000000.0,5151000000.0,1402000000.0,1187000000.0,-1123000000.0,-3317000000.0,11.90293057759603
CSCO,2006-03-31,7322000000.0,1653000000.0,1400000000.0,2351000000.0,43082000000.0,18467000000.0,6346000000.0,2980000000.0,4237000000.0,1865000000.0,1686000000.0,1799000000.0,-217000000.0,13.558340703287431
CSCO,2006-06-30,7984000000.0,1990000000.0,1544000000.0,2776000000.0,43315000000.0,19403000000.0,6332000000.0,3303000000.0,3297000000.0,2315000000.0,2114000000.0,-9447000000.0,6218000000.0,14.017811321076891
CSCO,2006-09-30,8184000000.0,1991000000.0,1608000000.0,2729000000.0,44908000000.0,19379000000.0,6455000000.0,3091000000.0,4313000000.0,2317000000.0,2140000000.0,-873000000.0,-2384000000.0,13.886498420957537
CSCO,2006-12-31,8439000000.0,2130000000.0,1921000000.0,2900000000.0,46254000000.0,19672000000.0,6416000000.0,2908000000.0,2434000000.0,2271000000.0,2057000000.0,-927000000.0,-328000000.0,17.624979760911728
CSCO,2007-03-31,8866000000.0,2197000000.0,1874000000.0,3012000000.0,48835000000.0,20317000000.0,6478000000.0,3238000000.0,5457000000.0,2658000000.0,2324000000.0,-3312000000.0,-1225000000.0,18.34530151867476
CSCO,2007-06-30,9433000000.0,2303000000.0,1930000000.0,3158000000.0,53340000000.0,21860000000.0,6408000000.0,3989000000.0,3728000000.0,2437000000.0,2073000000.0,868000000.0,-282000000.0,18.23476576426673
CSCO,2007-09-30,9554000000.0,2368000000.0,2205000000.0,3320000000.0,55702000000.0,21830000000.0,6582000000.0,3418000000.0,4413000000.0,2738000000.0,2399000000.0,-4971000000.0,504000000.0,20.88357559083
CSCO,2007-12-31,9831000000.0,2404000000.0,2060000000.0,3357000000.0,55300000000.0,22488000000.0,6851000000.0,4165000000.0,5202000000.0,3089000000.0,2793000000.0,-1260000000.0,-1144000000.0,20.62649241089821
CSCO,2008-03-31,9791000000.0,2141000000.0,1773000000.0,2951000000.0,57123000000.0,23985000000.0,6915000000.0,4183000000.0,6154000000.0,2443000000.0,2148000000.0,1725000000.0,-3379000000.0,16.76575379293473
CSCO,2008-06-30,10364000000.0,2529000000.0,2014000000.0,3298000000.0,58734000000.0,24381000000.0,6893000000.0,3821000000.0,5191000000.0,3028000000.0,2711000000.0,-1147000000.0,-929000000.0,17.32363088428974
CSCO,2008-09-30,10331000000.0,2482000000.0,2201000000.0,3123000000.0,58887000000.0,23852000000.0,6871000000.0,3278000000.0,4197000000.0,3529000000.0,3169000000.0,-3511000000.0,-981000000.0,15.723475351929665
CSCO,2008-12-31,9089000000.0,1773000000.0,1504000000.0,2399000000.0,61357000000.0,24574000000.0,6848000000.0,2893000000.0,4175000000.0,2718000000.0,2357000000.0,-2839000000.0,-873000000.0,11.732009664177896
CSCO,2009-03-31,8162000000.0,1607000000.0,1348000000.0,2212000000.0,64666000000.0,27410000000.0,10317000000.0,2392000000.0,7359000000.0,3198000000.0,2974000000.0,-2825000000.0,-395000000.0,10.834801298673035
CSCO,2009-06-30,8535000000.0,1460000000.0,1081000000.0,1558000000.0,68128000000.0,29481000000.0,10295000000.0,3177000000.0,5718000000.0,1996000000.0,1787000000.0,-1086000000.0,2274000000.0,12.746799453856452
CSCO,2009-09-30,9021000000.0,2124000000.0,1787000000.0,2782000000.0,68680000000.0,28678000000.0,10273000000.0,3159000000.0,4774000000.0,1985000000.0,1774000000.0,-3209000000.0,-417000000.0,14.730843856930733
CSCO,2009-12-31,9815000000.0,2370000000.0,1853000000.0,2906000000.0,76403000000.0,34891000000.0,15194000000.0,4237000000.0,4710000000.0,1488000000.0,1328000000.0,-1253000000.0,-1179000000.0,16.2164805829525
CSCO,2010-03-31,10368000000.0,2345000000.0,2192000000.0,3330000000.0,79292000000.0,35462000000.0,15246000000.0,4078000000.0,3961000000.0,2486000000.0,2238000000.0,-6932000000.0,4382000000.0,16.86931661699639
CSCO,2010-06-30,10836000000.0,2325000000.0,1935000000.0,3202000000.0,81130000000.0,36845000000.0,15284000000.0,4929000000.0,4581000000.0,2967000000.0,2676000000.0,-3048000000.0,-668000000.0,16.963862252613854
CSCO,2010-09-30,10750000000.0,2351000000.0,1930000000.0,3144000000.0,80015000000.0,35340000000.0,15278000000.0,4471000000.0,3796000000.0,3232000000.0,2923000000.0,-698000000.0,-1914000000.0,15.172892197966576
CSCO,2010-12-31,10407000000.0,1684000000.0,1521000000.0,2578000000.0,81981000000.0,36340000000.0,15241000000.0,4620000000.0,4924000000.0,1667000000.0,1341000000.0,-167000000.0,-2285000000.0,14.522852674126623
CSCO,2011-03-31,10866000000.0,2183000000.0,1807000000.0,2929000000.0,85350000000.0,38144000000.0,16749000000.0,4413000000.0,6635000000.0,2609000000.0,2283000000.0,-482000000.0,-999000000.0,13.277055494246945
CSCO,2011-06-30,11195000000.0,1456000000.0,1232000000.0,2288000000.0,87095000000.0,39869000000.0,16822000000.0,7809000000.0,7662000000.0,2979000000.0,2701000000.0,-1812000000.0,544000000.0,11.31963142516121
CSCO,2011-09-30,11256000000.0,2210000000.0,1777000000.0,3014000000.0,86964000000.0,39776000000.0,16853000000.0,7600000000.0,4747000000.0,2824000000.0,2580000000.0,-473000000.0,-1324000000.0,10.797257959842682
CSCO,2011-12-31,11527000000.0,2734000000.0,2182000000.0,3463000000.0,89259000000.0,40013000000.0,16904000000.0,7423000000.0,8561000000.0,2333000000.0,2068000000.0,-3191000000.0,-2057000000.0,12.392457992311508
CSCO,2012-03-31,11588000000.0,2750000000.0,2165000000.0,3561000000.0,91154000000.0,39797000000.0,16369000000.0,7689000000.0,6461000000.0,3101000000.0,2817000000.0,1106000000.0,-393000000.0,13.807775543582055
CSCO,2012-06-30,11690000000.0,2371000000.0,1917000000.0,3319000000.0,91759000000.0,40473000000.0,16328000000.0,8030000000.0,9799000000.0,2969000000.0,2688000000.0,-4159000000.0,-910000000.0,12.553901899428595
CSCO,2012-09-30,11876000000.0,2651000000.0,2092000000.0,3391000000.0,92643000000.0,39957000000.0,16327000000.0,7668000000.0,4773000000.0,3088000000.0,2792000000.0,2429000000.0,-2179000000.0,12.432990059020026
CSCO,2012-12-31,12098000000.0,2789000000.0,3143000000.0,3538000000.0,96378000000.0,40863000000.0,16291000000.0,8356000000.0,6847000000.0,2465000000.0,2200000000.0,-6530000000.0,-961000000.0,13.184424338802216
CSCO,2013-03-31,12216000000.0,2942000000.0,2478000000.0,3627000000.0,97084000000.0,40296000000.0,16248000000.0,8820000000.0,5122000000.0,3349000000.0,3062000000.0,-666000000.0,-609000000.0,14.912323951721191
CSCO,2013-06-30,12417000000.0,2814000000.0,2270000000.0,3605000000.0,101191000000.0,42071000000.0,16211000000.0,9507000000.0,7925000000.0,3094000000.0,2803000000.0,-3457000000.0,-1362000000.0,16.10012796521187
CSCO,2013-09-30,12085000000.0,2455000000.0,1996000000.0,3271000000.0,100741000000.0,41844000000.0,16226000000.0,9320000000.0,5254000000.0,3986000000.0,3669000000.0,-1115000000.0,-68000000.0,17.89343810081482
CSCO,2013-12-31,11155000000.0,1667000000.0,1429000000.0,2503000000.0,98427000000.0,42358000000.0,17146000000.0,8394000000.0,5339000000.0,2649000000.0,2334000000.0,-2755000000.0,-2565000000.0,16.063650593161583
CSCO,2014-03-31,11545000000.0,2542000000.0,2181000000.0,3396000000.0,101856000000.0,46069000000.0,20892000000.0,8514000000.0,6241000000.0,2873000000.0,2611000000.0,565000000.0,-3353000000.0,16.1670690442695
CSCO,2014-06-30,12357000000.0,2681000000.0,2247000000.0,3541000000.0,105070000000.0,48416000000.0,20845000000.0,9310000000.0,6726000000.0,3198000000.0,2825000000.0,-2948000000.0,652000000.0,17.58656801496233
CSCO,2014-09-30,12245000000.0,2342000000.0,1828000000.0,3095000000.0,103978000000.0,47270000000.0,20972000000.0,8640000000.0,4387000000.0,3612000000.0,3287000000.0,-1505000000.0,-1622000000.0,18.701826691627502
CSCO,2014-12-31,11936000000.0,2622000000.0,2397000000.0,3640000000.0,104922000000.0,47204000000.0,20522000000.0,8751000000.0,4797000000.0,2491000000.0,2206000000.0,-2877000000.0,-1953000000.0,19.341937482357025
CSCO,2015-03-31,12137000000.0,2925000000.0,2437000000.0,3741000000.0,106212000000.0,47389000000.0,21004000000.0,9137000000.0,3870000000.0,2883000000.0,2618000000.0,-759000000.0,-1714000000.0,21.236126477601097
CSCO,2015-06-30,12843000000.0,2881000000.0,2319000000.0,3733000000.0,113373000000.0,53675000000.0,25354000000.0,9835000000.0,6877000000.0,3040000000.0,2683000000.0,-2592000000.0,-1375000000.0,21.799224187457373
CSCO,2015-09-30,12682000000.0,3079000000.0,2430000000.0,3803000000.0,111773000000.0,51796000000.0,24621000000.0,9218000000.0,5758000000.0,4138000000.0,3818000000.0,-3860000000.0,2729000000.0,20.682964086532596
CSCO,2015-12-31,11927000000.0,3294000000.0,3147000000.0,3966000000.0,112642000000.0,51771000000.0,24599000000.0,8816000000.0,6314000000.0,2766000000.0,2504000000.0,-950000000.0,-2935000000.0,21.305425763130188
CSCO,2016-03-31,12000000000.0,2984000000.0,2349000000.0,3799000000.0,118654000000.0,56296000000.0,28595000000.0,8763000000.0,8895000000.0,3922000000.0,3608000000.0,-1437000000.0,-1929000000.0,20.018033137086963
CSCO,2016-06-30,12638000000.0,3303000000.0,2813000000.0,4178000000.0,121652000000.0,58066000000.0,28643000000.0,10119000000.0,7631000000.0,3064000000.0,2760000000.0,-2364000000.0,1881000000.0,22.039443343877792
CSCO,2016-09-30,12352000000.0,2877000000.0,2322000000.0,3750000000.0,126287000000.0,62881000000.0,34789000000.0,9346000000.0,8583000000.0,3818000000.0,3552000000.0,-3366000000.0,-1716000000.0,24.36977779865265
CSCO,2016-12-31,11580000000.0,2893000000.0,2348000000.0,3734000000.0,126248000000.0,62437000000.0,34922000000.0,8954000000.0,10898000000.0,2730000000.0,2455000000.0,-5396000000.0,3618000000.0,24.35616017901708
CSCO,2017-03-31,11940000000.0,3169000000.0,2515000000.0,3970000000.0,125950000000.0,60568000000.0,32470000000.0,9274000000.0,8116000000.0,3772000000.0,3521000000.0,418000000.0,-1875000000.0,26.12875237003449
CSCO,2017-06-30,12133000000.0,3034000000.0,2424000000.0,3980000000.0,129818000000.0,63681000000.0,33717000000.0,10002000000.0,11708000000.0,3373000000.0,3143000000.0,-1710000000.0,-4445000000.0,26.475507372901557
CSCO,2017-09-30,12136000000.0,2756000000.0,2394000000.0,3763000000.0,130522000000.0,64972000000.0,35923000000.0,9244000000.0,11043000000.0,4001000000.0,3793000000.0,695000000.0,-1104000000.0,26.111589068458198
CSCO,2017-12-31,11887000000.0,3037000000.0,-8778000000.0,-7075000000.0,131510000000.0,79528000000.0,39366000000.0,8888000000.0,17624000000.0,3080000000.0,2912000000.0,-2495000000.0,-1250000000.0,29.552813121250697
CSCO,2018-03-31,12463000000.0,3134000000.0,2691000000.0,4054000000.0,114008000000.0,67347000000.0,28072000000.0,9142000000.0,6719000000.0,4070000000.0,3859000000.0,3990000000.0,-1479000000.0,35.34955040353243
CSCO,2018-06-30,12844000000.0,3346000000.0,3803000000.0,5032000000.0,108784000000.0,65580000000.0,25569000000.0,10503000000.0,8934000000.0,2416000000.0,2175000000.0,5760000000.0,-19081000000.0,36.71078276634216
CSCO,2018-09-30,13072000000.0,3805000000.0,3549000000.0,4595000000.0,105429000000.0,61581000000.0,25564000000.0,9387000000.0,8410000000.0,4100000000.0,3886000000.0,8069000000.0,-9954000000.0,38.08473393273732
CSCO,2018-12-31,12446000000.0,3211000000.0,2822000000.0,3995000000.0,102462000000.0,61673000000.0,25630000000.0,8802000000.0,9835000000.0,3763000000.0,3551000000.0,2675000000.0,-6945000000.0,39.00193114507766
CSCO,2019-03-31,12958000000.0,3513000000.0,3044000000.0,4307000000.0,97287000000.0,60483000000.0,23698000000.0,8824000000.0,10251000000.0,3797000000.0,3536000000.0,3867000000.0,-6271000000.0,41.74449914400695
CSCO,2019-06-30,13428000000.0,3690000000.0,2206000000.0,3558000000.0,97793000000.0,64222000000.0,24666000000.0,10586000000.0,11750000000.0,4329000000.0,4101000000.0,5606000000.0,-9541000000.0,47.739843156602646
CSCO,2019-09-30,13159000000.0,3579000000.0,2926000000.0,4325000000.0,92492000000.0,58069000000.0,18497000000.0,9904000000.0,8587000000.0,3942000000.0,3734000000.0,2689000000.0,-5132000000.0,45.21381151676178
CSCO,2019-12-31,12005000000.0,3380000000.0,2878000000.0,4149000000.0,90426000000.0,54893000000.0,15993000000.0,9157000000.0,8475000000.0,3587000000.0,3385000000.0,1922000000.0,-8668000000.0,40.74039739370346
CSCO,2020-03-31,11983000000.0,3414000000.0,2774000000.0,4020000000.0,91394000000.0,55686000000.0,16084000000.0,10372000000.0,10367000000.0,3800000000.0,3611000000.0,843000000.0,-4757000000.0,38.7473721350393
CSCO,2020-06-30,12154000000.0,3247000000.0,2636000000.0,3869000000.0,94853000000.0,56933000000.0,14583000000.0,11723000000.0,11809000000.0,4237000000.0,4066000000.0,236000000.0,-2602000000.0,39.0919303894043
CSCO,2020-09-30,11929000000.0,2570000000.0,2174000000.0,3244000000.0,95003000000.0,56846000000.0,14566000000.0,9085000000.0,10822000000.0,3802000000.0,3594000000.0,499000000.0,-2859000000.0,39.16123670339584
CSCO,2020-12-31,11960000000.0,3223000000.0,2545000000.0,3804000000.0,95601000000.0,56480000000.0,14554000000.0,9334000000.0,11793000000.0,4096000000.0,3925000000.0,-2710000000.0,-2373000000.0,37.27042216062546
CSCO,2021-03-31,12803000000.0,3465000000.0,2863000000.0,4188000000.0,93896000000.0,53691000000.0,11532000000.0,9073000000.0,7350000000.0,2974000000.0,2787000000.0,182000000.0,-2178000000.0,42.916473701351975
CSCO,2021-06-30,13126000000.0,3575000000.0,3009000000.0,4322000000.0,97497000000.0,56222000000.0,11526000000.0,10146000000.0,9175000000.0,3880000000.0,3708000000.0,-3105000000.0,-5219000000.0,48.43073242429703
CSCO,2021-09-30,12900000000.0,3438000000.0,2980000000.0,4279000000.0,95981000000.0,53280000000.0,9502000000.0,9376000000.0,7619000000.0,4504000000.0,4342000000.0,348000000.0,-2269000000.0,52.01943355798721
CSCO,2021-12-31,12720000000.0,3487000000.0,2973000000.0,4207000000.0,94262000000.0,54766000000.0,11471000000.0,10000000000.0,6731000000.0,3427000000.0,3305000000.0,-1020000000.0,-3970000000.0,53.32648819684982
CSCO,2022-03-31,12835000000.0,3610000000.0,3044000000.0,4369000000.0,92797000000.0,52397000000.0,9418000000.0,9587000000.0,6952000000.0,2461000000.0,2351000000.0,1051000000.0,-4399000000.0,53.124966775217366
CTSH,2003-03-31,74516000.0,14524000.0,10178000.0,15360000.0,241692000.0,62062000.0,0.0,46833000.0,126647000.0,6727000.0,673000.0,-6054000.0,-227000.0,2.4713309749228056
CTSH,2003-06-30,87446000.0,17128000.0,13502000.0,20313000.0,271412000.0,68015000.0,0.0,52234000.0,137739000.0,16271000.0,8625000.0,-11462000.0,6143000.0,2.4068922939754667
CTSH,2003-09-30,98111000.0,19274000.0,15960000.0,22878000.0,313993000.0,77024000.0,0.0,74982000.0,159749000.0,18962000.0,12400000.0,-6562000.0,9318000.0,3.701869525015354
CTSH,2003-12-31,108158000.0,21386000.0,17725000.0,25616000.0,360589000.0,86519000.0,0.0,61796000.0,194221000.0,37902000.0,28173000.0,-13736000.0,6543000.0,5.030441269278526
CTSH,2004-03-31,119744000.0,23687000.0,19788000.0,28693000.0,389350000.0,85137000.0,0.0,84232000.0,161985000.0,2759000.0,68000.0,-41060000.0,4543000.0,5.570837743820682
CTSH,2004-06-30,138719000.0,27790000.0,23801000.0,32353000.0,442683000.0,93134000.0,0.0,90038000.0,197027000.0,30805000.0,27179000.0,-3626000.0,8352000.0,5.272651318580873
CTSH,2004-09-30,155429000.0,30872000.0,26052000.0,35970000.0,506842000.0,112733000.0,0.0,103733000.0,250370000.0,41972000.0,26498000.0,1082000.0,10804000.0,6.055344149470329
CTSH,2004-12-31,172781000.0,35271000.0,30602000.0,41526000.0,572745000.0,119216000.0,0.0,110517000.0,293446000.0,51797000.0,27007000.0,-24790000.0,13069000.0,8.277413509786129
CTSH,2005-03-31,181681000.0,37187000.0,31978000.0,43993000.0,604847000.0,97761000.0,0.0,131194000.0,174988000.0,-394000.0,-9034000.0,-34526000.0,11182000.0,9.683772774993397
CTSH,2005-06-30,211711000.0,42368000.0,36032000.0,49283000.0,683208000.0,118020000.0,0.0,165678000.0,180123000.0,31055000.0,17343000.0,-35783000.0,11829000.0,10.323159366846085
CTSH,2005-09-30,235536000.0,47021000.0,40583000.0,54953000.0,771736000.0,130089000.0,0.0,171588000.0,214909000.0,62899000.0,35678000.0,-38564000.0,11476000.0,10.714918315410614
CTSH,2005-12-31,256902000.0,51040000.0,57673000.0,58443000.0,869893000.0,155748000.0,0.0,176696000.0,196938000.0,66200000.0,44003000.0,-95673000.0,12964000.0,10.753422525193956
CTSH,2006-03-31,285479000.0,53156000.0,47164000.0,63582000.0,934327000.0,141176000.0,0.0,217683000.0,165362000.0,-3927000.0,-24514000.0,-50709000.0,22667000.0,12.379022244484194
CTSH,2006-06-30,336836000.0,60671000.0,55071000.0,73833000.0,1046066000.0,171873000.0,0.0,266259000.0,203105000.0,51599000.0,27197000.0,-32312000.0,14768000.0,14.349983139643593
CTSH,2006-09-30,377522000.0,68764000.0,61027000.0,81801000.0,1182512000.0,215954000.0,0.0,296722000.0,197700000.0,86746000.0,60523000.0,-113215000.0,20960000.0,15.575831488957482
CTSH,2006-12-31,424430000.0,76352000.0,69533000.0,92758000.0,1325981000.0,252482000.0,0.0,298475000.0,265937000.0,118458000.0,84936000.0,-76102000.0,24500000.0,17.773139196728902
CTSH,2007-03-31,460270000.0,83602000.0,75446000.0,102516000.0,1444690000.0,247361000.0,0.0,347763000.0,273038000.0,12483000.0,-16192000.0,-46345000.0,40600000.0,20.075498174448484
CTSH,2007-06-30,516514000.0,90671000.0,82277000.0,110703000.0,1584354000.0,267111000.0,0.0,403599000.0,268985000.0,52038000.0,9842000.0,-82549000.0,25789000.0,18.51039913722447
CTSH,2007-09-30,558837000.0,101130000.0,96154000.0,125561000.0,1739013000.0,295506000.0,0.0,428501000.0,296488000.0,129903000.0,90341000.0,-122312000.0,17936000.0,17.79043580615331
CTSH,2007-12-31,599956000.0,106119000.0,96256000.0,129494000.0,1838306000.0,370096000.0,0.0,436456000.0,339845000.0,149896000.0,77862000.0,-26133000.0,-80317000.0,16.346017345786095
CTSH,2008-03-31,643106000.0,111695000.0,101873000.0,138162000.0,1941657000.0,340631000.0,0.0,519396000.0,449739000.0,22261000.0,-31162000.0,66156000.0,16876000.0,13.539036531917384
CTSH,2008-06-30,685427000.0,119678000.0,103856000.0,141834000.0,2109781000.0,355407000.0,0.0,583132000.0,521193000.0,74765000.0,42978000.0,-40466000.0,38573000.0,14.60280030965805
CTSH,2008-09-30,734726000.0,142631000.0,112828000.0,152672000.0,2212228000.0,369199000.0,0.0,599950000.0,569262000.0,139766000.0,78651000.0,-59143000.0,-18212000.0,12.913156896829603
CTSH,2008-12-31,753045000.0,142666000.0,112288000.0,157339000.0,2374560000.0,408982000.0,0.0,579639000.0,735066000.0,192913000.0,169828000.0,-21553000.0,6797000.0,8.226226381957531
CTSH,2009-03-31,745862000.0,138130000.0,113132000.0,156641000.0,2429045000.0,356334000.0,0.0,600707000.0,758568000.0,75090000.0,54618000.0,-43545000.0,-2299000.0,9.00310230255127
CTSH,2009-06-30,776592000.0,151670000.0,141255000.0,190745000.0,2673287000.0,405590000.0,0.0,635916000.0,860377000.0,151258000.0,141705000.0,-76889000.0,12432000.0,11.375755052717905
CTSH,2009-09-30,853488000.0,161782000.0,136572000.0,186000000.0,2976482000.0,540264000.0,0.0,684770000.0,992926000.0,208455000.0,176467000.0,-99245000.0,21464000.0,15.149367541074753
CTSH,2009-12-31,902721000.0,166908000.0,144004000.0,192936000.0,3338240000.0,685063000.0,0.0,709240000.0,1100930000.0,237522000.0,222896000.0,-175085000.0,45351000.0,19.457932353019714
CTSH,2010-03-31,959720000.0,183017000.0,151500000.0,206133000.0,3509747000.0,623378000.0,0.0,812325000.0,1080942000.0,2328000.0,-21891000.0,-57141000.0,43541000.0,21.974446187253857
CTSH,2010-06-30,1105154000.0,205915000.0,172175000.0,233256000.0,3764154000.0,723267000.0,0.0,933691000.0,1039686000.0,135294000.0,93348000.0,-200844000.0,29904000.0,23.41610963003976
CTSH,2010-09-30,1216913000.0,228299000.0,203699000.0,271205000.0,4246279000.0,879095000.0,0.0,1065136000.0,1317077000.0,234738000.0,189942000.0,-34600000.0,61026000.0,26.70436978340149
CTSH,2010-12-31,1310602000.0,244621000.0,206166000.0,278158000.0,4583074000.0,998643000.0,0.0,1014268000.0,1540969000.0,392294000.0,317743000.0,-154305000.0,-14468000.0,30.616545259952545
CTSH,2011-03-31,1371253000.0,265365000.0,208327000.0,309464000.0,4637873000.0,873684000.0,0.0,1123150000.0,1293499000.0,45629000.0,-10186000.0,-252657000.0,-49044000.0,34.55099634970388
CTSH,2011-06-30,1485242000.0,269958000.0,208045000.0,306878000.0,4916702000.0,964853000.0,0.0,1227592000.0,1193040000.0,215113000.0,181378000.0,-243746000.0,-80763000.0,34.675489032079305
CTSH,2011-09-30,1600954000.0,293002000.0,227119000.0,319603000.0,5104115000.0,1164593000.0,0.0,1268076000.0,1181219000.0,329344000.0,255234000.0,-180646000.0,-146924000.0,30.286980599164963
CTSH,2011-12-31,1663707000.0,308143000.0,240127000.0,357379000.0,5507933000.0,1555047000.0,0.0,1318670000.0,1310906000.0,285066000.0,160505000.0,-173232000.0,21276000.0,30.907767008221334
CTSH,2012-03-31,1711349000.0,317899000.0,243651000.0,358902000.0,5668125000.0,1300876000.0,0.0,1421258000.0,1328535000.0,101763000.0,41312000.0,-95487000.0,7117000.0,32.79611202978319
CTSH,2012-06-30,1795220000.0,331958000.0,251932000.0,372525000.0,5654219000.0,1561886000.0,0.0,1503887000.0,1050245000.0,324100000.0,245779000.0,-247316000.0,-348520000.0,29.56047793797084
CTSH,2012-09-30,1891688000.0,355386000.0,276901000.0,405749000.0,6107039000.0,1534669000.0,0.0,1577195000.0,1324739000.0,384860000.0,314916000.0,-86531000.0,-25649000.0,28.658208059886142
CTSH,2012-12-31,1948215000.0,356253000.0,278779000.0,407008000.0,6521571000.0,1667188000.0,0.0,1528746000.0,1570077000.0,361860000.0,236111000.0,-140712000.0,24064000.0,31.54115116980768
CTSH,2013-03-31,2020738000.0,365907000.0,284209000.0,420784000.0,6709302000.0,1493368000.0,0.0,1702334000.0,1474860000.0,73468000.0,1283000.0,-185874000.0,16932000.0,35.25791854858399
CTSH,2013-06-30,2161240000.0,426803000.0,300410000.0,464231000.0,7012320000.0,1688572000.0,0.0,1785227000.0,1678205000.0,365557000.0,315232000.0,-39900000.0,-106313000.0,30.306500107049946
CTSH,2013-09-30,2305723000.0,437359000.0,319627000.0,483776000.0,7617149000.0,1968873000.0,0.0,1891186000.0,2031119000.0,478878000.0,447042000.0,-152602000.0,28332000.0,33.84344545006752
CTSH,2013-12-31,2355488000.0,447841000.0,324332000.0,499056000.0,8208914000.0,2073123000.0,0.0,1875272000.0,2213006000.0,505873000.0,398593000.0,-352387000.0,30182000.0,41.5310126543045
CTSH,2014-03-31,2422348000.0,460036000.0,348878000.0,519868000.0,8279299000.0,1656342000.0,0.0,1970954000.0,1935991000.0,157320000.0,114064000.0,-433654000.0,-6573000.0,45.57176927660333
CTSH,2014-06-30,2517094000.0,487921000.0,371908000.0,550632000.0,8687294000.0,1696465000.0,0.0,2120580000.0,1992442000.0,408313000.0,369612000.0,-257534000.0,-93415000.0,44.445801265656
CTSH,2014-09-30,2581009000.0,457513000.0,355624000.0,513456000.0,9227043000.0,1845333000.0,0.0,2147131000.0,2617619000.0,583181000.0,527591000.0,64552000.0,-8400000.0,42.90783154964447
CTSH,2014-12-31,2742230000.0,479408000.0,362857000.0,550315000.0,11718916000.0,3978698000.0,1637502000.0,2293264000.0,2010149000.0,324196000.0,249540000.0,-2534058000.0,1611798000.0,45.55375528335571
CTSH,2015-03-31,2911400000.0,500300000.0,382900000.0,591200000.0,11383400000.0,3204900000.0,1075000000.0,2448100000.0,1271400000.0,189300000.0,131300000.0,-364000000.0,-557300000.0,53.77479371868196
CTSH,2015-06-30,3085100000.0,545500000.0,420100000.0,636900000.0,11797600000.0,3256800000.0,1062500000.0,2548700000.0,1089300000.0,456100000.0,380500000.0,-489500000.0,-149100000.0,57.2408573816693
CTSH,2015-09-30,3187000000.0,542800000.0,397200000.0,629700000.0,12267600000.0,3440600000.0,950000000.0,2556600000.0,1476700000.0,817900000.0,752800000.0,-176900000.0,-248500000.0,57.24226427078247
CTSH,2015-12-31,3232500000.0,553400000.0,423400000.0,653500000.0,13065400000.0,3787300000.0,1287500000.0,2621600000.0,2125200000.0,690000000.0,615900000.0,-340200000.0,306800000.0,58.77396357059479
CTSH,2016-03-31,3202000000.0,554000000.0,441200000.0,681900000.0,12735900000.0,3123600000.0,1020900000.0,2751300000.0,1523800000.0,68800000.0,5100000.0,-228400000.0,-467800000.0,53.01687390687036
CTSH,2016-06-30,3369900000.0,590900000.0,252400000.0,692300000.0,13140100000.0,3277200000.0,908800000.0,2878500000.0,1684500000.0,359600000.0,284700000.0,-31900000.0,-143300000.0,55.10301262140274
CTSH,2016-09-30,3453200000.0,583400000.0,444400000.0,716000000.0,13716700000.0,3424400000.0,896600000.0,2915700000.0,1550300000.0,594000000.0,519800000.0,-612400000.0,-118500000.0,51.87817960977554
CTSH,2016-12-31,3461900000.0,560700000.0,415000000.0,665800000.0,14262000000.0,3534000000.0,878000000.0,2905000000.0,2034000000.0,598600000.0,511400000.0,-90300000.0,10600000.0,48.80234709240141
CTSH,2017-03-31,3546000000.0,570000000.0,557000000.0,759000000.0,13629000000.0,3646000000.0,1209000000.0,3039000000.0,1308000000.0,277000000.0,211000000.0,91000000.0,-1124000000.0,52.42694947027391
CTSH,2017-06-30,3670000000.0,606000000.0,470000000.0,744000000.0,13938000000.0,3455000000.0,991000000.0,3089000000.0,1157000000.0,521000000.0,461000000.0,-389000000.0,-297000000.0,58.00615225897895
CTSH,2017-09-30,3766000000.0,648000000.0,495000000.0,779000000.0,14580000000.0,3601000000.0,823000000.0,3292000000.0,1577000000.0,773000000.0,695000000.0,-124000000.0,-231000000.0,64.25891767229352
CTSH,2017-12-31,3828000000.0,657000000.0,-18000000.0,841000000.0,15221000000.0,4552000000.0,873000000.0,3222000000.0,1925000000.0,836000000.0,756000000.0,-160000000.0,-333000000.0,66.9990718781002
CTSH,2018-03-31,3912000000.0,693000000.0,520000000.0,820000000.0,15045000000.0,4057000000.0,773000000.0,3145000000.0,1440000000.0,388000000.0,292000000.0,-227000000.0,-488000000.0,72.62450108762647
CTSH,2018-06-30,4006000000.0,670000000.0,456000000.0,754000000.0,14806000000.0,4158000000.0,749000000.0,3204000000.0,901000000.0,640000000.0,549000000.0,-584000000.0,-734000000.0,72.43549537658691
CTSH,2018-09-30,4078000000.0,745000000.0,477000000.0,795000000.0,15274000000.0,4296000000.0,724000000.0,3187000000.0,1339000000.0,862000000.0,768000000.0,-266000000.0,-146000000.0,72.24898044646733
CTSH,2018-12-31,4129000000.0,693000000.0,648000000.0,955000000.0,15913000000.0,4489000000.0,745000000.0,3257000000.0,1161000000.0,702000000.0,606000000.0,-550000000.0,-325000000.0,64.41596906147306
CTSH,2019-03-31,4110000000.0,539000000.0,441000000.0,723000000.0,16096000000.0,4960000000.0,930000000.0,3377000000.0,950000000.0,269000000.0,163000000.0,356000000.0,-839000000.0,65.00869557114898
CTSH,2019-06-30,4141000000.0,619000000.0,509000000.0,815000000.0,15517000000.0,4960000000.0,947000000.0,3386000000.0,1660000000.0,575000000.0,479000000.0,1267000000.0,-1137000000.0,61.11248730856275
CTSH,2019-09-30,4248000000.0,669000000.0,497000000.0,791000000.0,15844000000.0,5142000000.0,942000000.0,3438000000.0,2343000000.0,717000000.0,620000000.0,340000000.0,-340000000.0,59.072024047374725
CTSH,2019-12-31,4284000000.0,626000000.0,395000000.0,708000000.0,16204000000.0,5182000000.0,940000000.0,3256000000.0,2645000000.0,938000000.0,845000000.0,-375000000.0,-253000000.0,57.95359265804291
CTSH,2020-03-31,4225000000.0,579000000.0,367000000.0,651000000.0,17429000000.0,6816000000.0,2665000000.0,3220000000.0,3886000000.0,497000000.0,385000000.0,-272000000.0,1135000000.0,56.05308674227807
CTSH,2020-06-30,4000000000.0,467000000.0,361000000.0,641000000.0,18216000000.0,7244000000.0,3467000000.0,3208000000.0,4422000000.0,979000000.0,886000000.0,-259000000.0,-171000000.0,50.72452757093642
CTSH,2020-09-30,4243000000.0,603000000.0,348000000.0,768000000.0,18787000000.0,7647000000.0,3483000000.0,3118000000.0,4436000000.0,925000000.0,821000000.0,-658000000.0,-347000000.0,61.66706830263138
CTSH,2020-12-31,4184000000.0,465000000.0,316000000.0,619000000.0,16923000000.0,6087000000.0,1758000000.0,3087000000.0,2680000000.0,898000000.0,809000000.0,-49000000.0,-2626000000.0,72.34605407714844
CTSH,2021-03-31,4401000000.0,669000000.0,505000000.0,808000000.0,16660000000.0,5623000000.0,1715000000.0,3232000000.0,1973000000.0,181000000.0,93000000.0,-538000000.0,-340000000.0,73.66183984475057
CTSH,2021-06-30,4585000000.0,696000000.0,512000000.0,843000000.0,16829000000.0,5624000000.0,1729000000.0,3419000000.0,1368000000.0,541000000.0,466000000.0,-721000000.0,-428000000.0,71.2193134852818
CTSH,2021-09-30,4744000000.0,729000000.0,544000000.0,878000000.0,17232000000.0,5686000000.0,1678000000.0,3510000000.0,1664000000.0,948000000.0,897000000.0,-407000000.0,-239000000.0,70.80507373809814
CTSH,2021-12-31,4777000000.0,732000000.0,576000000.0,884000000.0,17852000000.0,5861000000.0,1642000000.0,3557000000.0,1792000000.0,825000000.0,760000000.0,-498000000.0,-196000000.0,77.4157886505127
CTSH,2022-03-31,4826000000.0,724000000.0,563000000.0,878000000.0,17434000000.0,5461000000.0,1607000000.0,3663000000.0,2192000000.0,306000000.0,186000000.0,700000000.0,-600000000.0,84.83161323301253
INTC,2003-03-31,6751000000.0,1391000000.0,915000000.0,2580000000.0,43806000000.0,8405000000.0,1222000000.0,2964000000.0,7134000000.0,1710000000.0,756000000.0,-927000000.0,-1053000000.0,9.652105378322911
INTC,2003-06-30,6816000000.0,1276000000.0,896000000.0,2546000000.0,44465000000.0,8975000000.0,1299000000.0,2850000000.0,8382000000.0,2649000000.0,1726000000.0,-352000000.0,-1049000000.0,11.29139536903018
INTC,2003-09-30,7833000000.0,2304000000.0,1657000000.0,3536000000.0,47003000000.0,9642000000.0,1234000000.0,3290000000.0,9406000000.0,3188000000.0,2116000000.0,-2369000000.0,205000000.0,15.07385079562664
INTC,2003-12-31,8741000000.0,2562000000.0,2173000000.0,3850000000.0,47143000000.0,9297000000.0,1160000000.0,2960000000.0,7971000000.0,3968000000.0,3261000000.0,-3442000000.0,-1961000000.0,18.487665504217148
INTC,2004-03-31,8091000000.0,2476000000.0,1730000000.0,3777000000.0,47088000000.0,8978000000.0,1223000000.0,3374000000.0,7539000000.0,1769000000.0,1089000000.0,-929000000.0,-1272000000.0,17.44957806987147
INTC,2004-06-30,8049000000.0,2381000000.0,1757000000.0,3645000000.0,48672000000.0,10079000000.0,1114000000.0,3183000000.0,7153000000.0,4065000000.0,3039000000.0,-2767000000.0,-1684000000.0,15.968054294586182
INTC,2004-09-30,8471000000.0,2373000000.0,1906000000.0,3646000000.0,47800000000.0,9605000000.0,1095000000.0,3266000000.0,6533000000.0,3170000000.0,2064000000.0,-1276000000.0,-2514000000.0,13.041330516338348
INTC,2004-12-31,9598000000.0,2900000000.0,2123000000.0,4238000000.0,48143000000.0,9564000000.0,904000000.0,2999000000.0,8407000000.0,4115000000.0,3084000000.0,-60000000.0,-2181000000.0,13.178920850157738
INTC,2005-03-31,9434000000.0,3032000000.0,2178000000.0,4407000000.0,47566000000.0,9855000000.0,686000000.0,3226000000.0,9279000000.0,3756000000.0,1968000000.0,-331000000.0,-2553000000.0,13.686405119348745
INTC,2005-06-30,9231000000.0,2649000000.0,2038000000.0,3871000000.0,46513000000.0,8899000000.0,748000000.0,3448000000.0,8975000000.0,2972000000.0,1583000000.0,-670000000.0,-2606000000.0,14.78719887137413
INTC,2005-09-30,9960000000.0,3100000000.0,1995000000.0,4357000000.0,47360000000.0,10684000000.0,684000000.0,3748000000.0,8857000000.0,4366000000.0,3084000000.0,-1789000000.0,-2695000000.0,15.38660864531994
INTC,2005-12-31,10201000000.0,3309000000.0,2453000000.0,4570000000.0,48314000000.0,12132000000.0,2419000000.0,3914000000.0,7324000000.0,3729000000.0,2370000000.0,-3572000000.0,-1690000000.0,14.753225780668712
INTC,2006-03-31,8940000000.0,1718000000.0,1357000000.0,3088000000.0,47194000000.0,12836000000.0,2264000000.0,3912000000.0,3948000000.0,2096000000.0,338000000.0,-2297000000.0,-3175000000.0,12.732453515452724
INTC,2006-06-30,8009000000.0,1072000000.0,885000000.0,2468000000.0,46088000000.0,11292000000.0,2341000000.0,3178000000.0,3436000000.0,1532000000.0,-206000000.0,-688000000.0,-1356000000.0,11.169113416520377
INTC,2006-09-30,8739000000.0,1374000000.0,1301000000.0,3070000000.0,46855000000.0,11838000000.0,2256000000.0,3358000000.0,4469000000.0,2790000000.0,1623000000.0,-289000000.0,-1468000000.0,11.186189666626946
INTC,2006-12-31,9694000000.0,1488000000.0,1501000000.0,3354000000.0,48368000000.0,11616000000.0,2028000000.0,2709000000.0,6598000000.0,4202000000.0,3086000000.0,-1633000000.0,-440000000.0,12.681032680329825
INTC,2007-03-31,8852000000.0,1675000000.0,1636000000.0,3124000000.0,48756000000.0,11230000000.0,1987000000.0,2780000000.0,4472000000.0,1552000000.0,191000000.0,-3216000000.0,-462000000.0,12.340043568220295
INTC,2007-06-30,8680000000.0,1350000000.0,1278000000.0,2742000000.0,50294000000.0,10596000000.0,2069000000.0,2531000000.0,4709000000.0,2417000000.0,1139000000.0,-2380000000.0,200000000.0,13.451686949956985
INTC,2007-09-30,10090000000.0,2144000000.0,1791000000.0,3666000000.0,53039000000.0,12137000000.0,1990000000.0,2933000000.0,5844000000.0,3884000000.0,2796000000.0,-2168000000.0,-581000000.0,15.203297100369891
INTC,2007-12-31,10712000000.0,3047000000.0,2271000000.0,4432000000.0,55651000000.0,12889000000.0,2122000000.0,2576000000.0,7307000000.0,4772000000.0,3499000000.0,-2162000000.0,-1147000000.0,16.13602165877819
INTC,2008-03-31,9673000000.0,2062000000.0,1443000000.0,3336000000.0,53387000000.0,12727000000.0,2179000000.0,2725000000.0,5883000000.0,2215000000.0,1308000000.0,-921000000.0,-2718000000.0,12.965549906746286
INTC,2008-06-30,9470000000.0,2255000000.0,1602000000.0,3419000000.0,52392000000.0,12031000000.0,2067000000.0,2399000000.0,4079000000.0,2828000000.0,351000000.0,-1623000000.0,-3009000000.0,14.138307392597198
INTC,2008-09-30,10217000000.0,3098000000.0,2013000000.0,3959000000.0,52719000000.0,13808000000.0,2356000000.0,2737000000.0,3704000000.0,3287000000.0,3239000000.0,-1332000000.0,-2330000000.0,13.461220502853394
INTC,2008-12-31,8226000000.0,1539000000.0,234000000.0,1588000000.0,50472000000.0,10926000000.0,1287000000.0,1712000000.0,3350000000.0,2596000000.0,831000000.0,-1989000000.0,-961000000.0,9.247896671295166
INTC,2009-03-31,7145000000.0,647000000.0,629000000.0,1899000000.0,48454000000.0,9390000000.0,1201000000.0,2086000000.0,3536000000.0,378000000.0,-1131000000.0,409000000.0,-601000000.0,8.817099086573867
INTC,2009-06-30,8024000000.0,-12000000.0,-398000000.0,1237000000.0,49061000000.0,10014000000.0,1198000000.0,1938000000.0,3826000000.0,3384000000.0,2403000000.0,-2225000000.0,-869000000.0,10.136169327629936
INTC,2009-09-30,9389000000.0,2579000000.0,1856000000.0,3767000000.0,50996000000.0,11963000000.0,2224000000.0,2025000000.0,4109000000.0,4003000000.0,3059000000.0,-3380000000.0,-340000000.0,12.212863817811012
INTC,2009-12-31,10569000000.0,2497000000.0,2282000000.0,3854000000.0,53095000000.0,11391000000.0,2221000000.0,2273000000.0,3987000000.0,3405000000.0,2324000000.0,-2769000000.0,-758000000.0,12.888192221522331
INTC,2010-03-31,10299000000.0,3448000000.0,2442000000.0,4587000000.0,55773000000.0,12873000000.0,2382000000.0,2192000000.0,4988000000.0,4079000000.0,3151000000.0,-2672000000.0,-406000000.0,13.71349727130327
INTC,2010-06-30,10765000000.0,3981000000.0,2887000000.0,5334000000.0,57691000000.0,11850000000.0,2273000000.0,2430000000.0,5514000000.0,3486000000.0,2438000000.0,-1970000000.0,-990000000.0,14.516399126204233
INTC,2010-09-30,11102000000.0,4136000000.0,2955000000.0,5393000000.0,60588000000.0,12892000000.0,2332000000.0,2911000000.0,5517000000.0,3577000000.0,2215000000.0,-2925000000.0,-649000000.0,13.117265433073044
INTC,2010-12-31,11457000000.0,4023000000.0,3180000000.0,5369000000.0,63186000000.0,13756000000.0,2115000000.0,2867000000.0,5498000000.0,5550000000.0,3681000000.0,-2972000000.0,-2597000000.0,13.909390032291412
INTC,2011-03-31,12847000000.0,4158000000.0,3160000000.0,5819000000.0,65552000000.0,18203000000.0,2137000000.0,3542000000.0,4188000000.0,4013000000.0,1290000000.0,-644000000.0,-4688000000.0,14.313220331745764
INTC,2011-06-30,13032000000.0,3935000000.0,2954000000.0,5435000000.0,66089000000.0,17366000000.0,2161000000.0,3359000000.0,4635000000.0,3971000000.0,1487000000.0,-783000000.0,-2745000000.0,14.920327898055788
INTC,2011-09-30,14233000000.0,4785000000.0,3468000000.0,6421000000.0,70551000000.0,24434000000.0,7142000000.0,3821000000.0,7057000000.0,6349000000.0,3636000000.0,-4107000000.0,183000000.0,14.74952046573162
INTC,2011-12-31,13887000000.0,4599000000.0,3360000000.0,6211000000.0,71119000000.0,25208000000.0,7331000000.0,3650000000.0,5065000000.0,6630000000.0,3786000000.0,-4767000000.0,-3850000000.0,16.63565384395539
INTC,2012-03-31,12906000000.0,3810000000.0,2738000000.0,5630000000.0,71817000000.0,25057000000.0,7450000000.0,4037000000.0,4429000000.0,2972000000.0,-2000000.0,-2111000000.0,-1495000000.0,18.776651782374227
INTC,2012-06-30,13501000000.0,3832000000.0,2827000000.0,5794000000.0,72352000000.0,23573000000.0,7185000000.0,3544000000.0,5223000000.0,4739000000.0,2077000000.0,-1765000000.0,-2176000000.0,19.14640941317119
INTC,2012-09-30,13457000000.0,3841000000.0,2972000000.0,5828000000.0,74441000000.0,25172000000.0,7156000000.0,3938000000.0,3520000000.0,5147000000.0,1695000000.0,-4852000000.0,-2004000000.0,17.87392128838433
INTC,2012-12-31,13477000000.0,3155000000.0,2468000000.0,5233000000.0,84351000000.0,33148000000.0,13448000000.0,3833000000.0,8478000000.0,6026000000.0,3272000000.0,-5332000000.0,4267000000.0,15.08974810569517
INTC,2013-03-31,12580000000.0,2519000000.0,2045000000.0,4580000000.0,83083000000.0,31889000000.0,13231000000.0,3536000000.0,5698000000.0,4285000000.0,2078000000.0,-5317000000.0,-1738000000.0,15.484323914845785
INTC,2013-06-30,12811000000.0,2719000000.0,2000000000.0,4744000000.0,85661000000.0,31821000000.0,13413000000.0,3474000000.0,3778000000.0,4722000000.0,1998000000.0,-5512000000.0,-1132000000.0,17.356141805648804
INTC,2013-09-30,13483000000.0,3504000000.0,2950000000.0,6001000000.0,90551000000.0,35099000000.0,13507000000.0,3719000000.0,4881000000.0,5731000000.0,2863000000.0,-3323000000.0,-1306000000.0,17.081625282764435
INTC,2013-12-31,13834000000.0,3549000000.0,2625000000.0,5562000000.0,92358000000.0,34102000000.0,13446000000.0,3582000000.0,5674000000.0,6038000000.0,3090000000.0,-3921000000.0,-1322000000.0,18.11162933707237
INTC,2014-03-31,12764000000.0,2510000000.0,1930000000.0,4714000000.0,91932000000.0,33894000000.0,13208000000.0,3505000000.0,4777000000.0,3501000000.0,812000000.0,-2749000000.0,-1650000000.0,18.86800834780834
INTC,2014-06-30,13831000000.0,3844000000.0,2796000000.0,6141000000.0,91793000000.0,32546000000.0,13194000000.0,3489000000.0,3049000000.0,5453000000.0,2625000000.0,-4266000000.0,-2915000000.0,20.90109746418302
INTC,2014-09-30,14554000000.0,4540000000.0,3317000000.0,6801000000.0,90616000000.0,34543000000.0,13267000000.0,3647000000.0,3143000000.0,5693000000.0,3248000000.0,-986000000.0,-4607000000.0,26.01363757252693
INTC,2014-12-31,14721000000.0,4453000000.0,3661000000.0,6886000000.0,91900000000.0,36035000000.0,13663000000.0,4427000000.0,2561000000.0,5771000000.0,3536000000.0,-1904000000.0,-4439000000.0,26.90707924962044
INTC,2015-03-31,12781000000.0,2615000000.0,1992000000.0,4814000000.0,89566000000.0,34642000000.0,13233000000.0,3246000000.0,4244000000.0,4415000000.0,2390000000.0,-449000000.0,-2274000000.0,26.27522381016465
INTC,2015-06-30,13195000000.0,2896000000.0,2706000000.0,5227000000.0,90492000000.0,32797000000.0,13234000000.0,3860000000.0,4454000000.0,3440000000.0,1673000000.0,-1295000000.0,-1945000000.0,25.357514002966504
INTC,2015-09-30,14465000000.0,4192000000.0,3109000000.0,6644000000.0,98552000000.0,41455000000.0,21188000000.0,4101000000.0,7065000000.0,5735000000.0,4529000000.0,-9167000000.0,6043000000.0,22.860084742307663
INTC,2015-12-31,14914000000.0,4299000000.0,3613000000.0,6575000000.0,101459000000.0,40374000000.0,22670000000.0,4787000000.0,15308000000.0,5427000000.0,2979000000.0,2728000000.0,88000000.0,26.9237916469574
INTC,2016-03-31,13702000000.0,2568000000.0,2046000000.0,4731000000.0,105467000000.0,44293000000.0,25369000000.0,4216000000.0,3061000000.0,4055000000.0,2709000000.0,-15520000000.0,-782000000.0,24.643685450319385
INTC,2016-06-30,13533000000.0,1318000000.0,1330000000.0,3774000000.0,109831000000.0,48464000000.0,28613000000.0,4426000000.0,3885000000.0,3845000000.0,1559000000.0,-4170000000.0,1149000000.0,25.37680470943451
INTC,2016-09-30,15778000000.0,4462000000.0,3378000000.0,6426000000.0,112217000000.0,49102000000.0,27616000000.0,4952000000.0,4752000000.0,5758000000.0,3295000000.0,-2683000000.0,-2208000000.0,28.91871789097786
INTC,2016-12-31,16374000000.0,4526000000.0,3562000000.0,6528000000.0,113327000000.0,46219000000.0,25283000000.0,4690000000.0,5560000000.0,8150000000.0,4620000000.0,-3444000000.0,-3898000000.0,29.45476053631495
INTC,2017-03-31,14796000000.0,3599000000.0,2964000000.0,5907000000.0,115648000000.0,48804000000.0,25751000000.0,4921000000.0,4934000000.0,3898000000.0,1831000000.0,-2778000000.0,-1746000000.0,29.987391194989605
INTC,2017-06-30,14763000000.0,3827000000.0,2808000000.0,6716000000.0,122107000000.0,53482000000.0,31985000000.0,5397000000.0,11687000000.0,4707000000.0,2044000000.0,-1438000000.0,3484000000.0,29.875619464450413
INTC,2017-09-30,16149000000.0,5115000000.0,4516000000.0,8176000000.0,127088000000.0,55282000000.0,31640000000.0,5954000000.0,9075000000.0,6264000000.0,3285000000.0,-6316000000.0,-2560000000.0,29.896945741441517
INTC,2017-12-31,17053000000.0,5395000000.0,-687000000.0,2928000000.0,123249000000.0,54230000000.0,26813000000.0,5607000000.0,3433000000.0,7241000000.0,3172000000.0,-5230000000.0,-7653000000.0,36.93337158929734
INTC,2018-03-31,16066000000.0,4470000000.0,4454000000.0,7319000000.0,128596000000.0,57630000000.0,28612000000.0,4879000000.0,3554000000.0,6284000000.0,3374000000.0,-4791000000.0,-1372000000.0,40.48081463673076
INTC,2018-06-30,16962000000.0,5273000000.0,5006000000.0,7767000000.0,125972000000.0,55271000000.0,28142000000.0,4636000000.0,2614000000.0,7413000000.0,2883000000.0,-1193000000.0,-7160000000.0,45.51655060052872
INTC,2018-09-30,19163000000.0,7349000000.0,6398000000.0,9638000000.0,128242000000.0,56759000000.0,27874000000.0,5457000000.0,3407000000.0,8835000000.0,4984000000.0,-3435000000.0,-4607000000.0,41.95040106394934
INTC,2018-12-31,18657000000.0,6224000000.0,5195000000.0,8265000000.0,127963000000.0,52981000000.0,26359000000.0,6722000000.0,3019000000.0,6900000000.0,3010000000.0,-1820000000.0,-5468000000.0,40.61186018444243
INTC,2019-03-31,16061000000.0,4174000000.0,3974000000.0,7310000000.0,129458000000.0,55522000000.0,28487000000.0,6957000000.0,3154000000.0,4959000000.0,1638000000.0,-2722000000.0,-2102000000.0,44.285463739614016
INTC,2019-06-30,16505000000.0,4617000000.0,4179000000.0,7413000000.0,130759000000.0,55565000000.0,28815000000.0,6233000000.0,2867000000.0,7587000000.0,4033000000.0,-3288000000.0,-4586000000.0,43.54560785444956
INTC,2019-09-30,19190000000.0,6447000000.0,5990000000.0,9505000000.0,133768000000.0,59360000000.0,28907000000.0,6880000000.0,3935000000.0,10711000000.0,6039000000.0,-3910000000.0,-5733000000.0,43.47045630216599
INTC,2019-12-31,20209000000.0,6797000000.0,6905000000.0,11144000000.0,136524000000.0,58865000000.0,29001000000.0,7659000000.0,4194000000.0,9888000000.0,5222000000.0,-4485000000.0,-5144000000.0,49.77300643920898
INTC,2020-03-31,19828000000.0,7038000000.0,5661000000.0,9799000000.0,147710000000.0,71356000000.0,39919000000.0,8455000000.0,11380000000.0,6158000000.0,2890000000.0,-3736000000.0,4764000000.0,52.87960557014711
INTC,2020-06-30,19728000000.0,5697000000.0,5105000000.0,9184000000.0,152539000000.0,70529000000.0,38347000000.0,7441000000.0,8736000000.0,11157000000.0,7749000000.0,-10610000000.0,-3191000000.0,53.75028785826668
INTC,2020-09-30,18333000000.0,5059000000.0,4276000000.0,8324000000.0,145261000000.0,70707000000.0,36563000000.0,7140000000.0,3356000000.0,8179000000.0,4463000000.0,-766000000.0,-12793000000.0,47.01083594560623
INTC,2020-12-31,19978000000.0,5884000000.0,5857000000.0,10639000000.0,153091000000.0,72053000000.0,36401000000.0,6782000000.0,5865000000.0,9890000000.0,5829000000.0,-5684000000.0,-1697000000.0,44.48121243715286
INTC,2021-03-31,19673000000.0,3694000000.0,3361000000.0,6998000000.0,150622000000.0,70815000000.0,35884000000.0,7208000000.0,5192000000.0,5548000000.0,1160000000.0,-2547000000.0,-3674000000.0,54.65793841002417
INTC,2021-06-30,19631000000.0,5546000000.0,5061000000.0,8731000000.0,154597000000.0,69390000000.0,35409000000.0,7460000000.0,4746000000.0,8746000000.0,4878000000.0,-6904000000.0,-2288000000.0,54.13758002387153
INTC,2021-09-30,19192000000.0,5227000000.0,6823000000.0,9961000000.0,167962000000.0,77875000000.0,40304000000.0,8400000000.0,7870000000.0,9900000000.0,5459000000.0,-10682000000.0,3906000000.0,50.329059183597565
INTC,2021-12-31,20528000000.0,4989000000.0,4623000000.0,8402000000.0,168406000000.0,73015000000.0,38101000000.0,9457000000.0,4827000000.0,5797000000.0,-1835000000.0,-5034000000.0,-3806000000.0,47.78511226177216
INTC,2022-03-31,18353000000.0,4341000000.0,8113000000.0,14006000000.0,176356000000.0,73220000000.0,37247000000.0,7074000000.0,6215000000.0,5891000000.0,1094000000.0,-2640000000.0,-1863000000.0,46.66418087866999
INTU,2003-03-31,634698000.0,308527000.0,293977000.0,419212000.0,3182249000.0,922742000.0,1083931000.0,119475000.0,450279000.0,389195000.0,361972000.0,-219297000.0,-76874000.0,20.410563703443184
INTU,2003-06-30,175845000.0,-40517000.0,-24688000.0,-1141000.0,2790267000.0,825430000.0,1066888000.0,88156000.0,170043000.0,491591000.0,475969000.0,-379900000.0,-41685000.0,18.812884224785694
INTU,2003-09-30,242528000.0,-89414000.0,-53965000.0,-55722000.0,2599683000.0,751342000.0,1085248000.0,76828000.0,147607000.0,-353298000.0,-333105000.0,23972000.0,55315000.0,20.12104547023773
INTU,2003-12-31,636289000.0,218610000.0,149066000.0,251055000.0,2873138000.0,963023000.0,909945000.0,283959000.0,87831000.0,-75132000.0,-96237000.0,123853000.0,-69344000.0,22.230653405189518
INTU,2004-03-31,712953000.0,347131000.0,264033000.0,377202000.0,2963868000.0,1018514000.0,1177743000.0,138446000.0,18520000.0,203739000.0,177182000.0,-149799000.0,-115784000.0,20.785585003514445
INTU,2004-06-30,275893000.0,-55950000.0,-42104000.0,-3912000.0,2696178000.0,873759000.0,1008365000.0,92265000.0,27249000.0,469738000.0,431194000.0,-306224000.0,-232627000.0,18.56956263511412
INTU,2004-09-30,265990000.0,-77365000.0,-46136000.0,-45166000.0,2455519000.0,809890000.0,724642000.0,86658000.0,52008000.0,-23770000.0,10176000.0,121165000.0,-88781000.0,17.932234227657318
INTU,2004-12-31,662639000.0,224322000.0,147252000.0,258466000.0,2775819000.0,1061019000.0,864231000.0,307765000.0,36566000.0,-88684000.0,-113091000.0,251526000.0,-139009000.0,19.716455787420276
INTU,2005-03-31,849505000.0,426066000.0,300507000.0,473854000.0,3028784000.0,1187619000.0,1155748000.0,141728000.0,122353000.0,220254000.0,207096000.0,-150607000.0,-85076000.0,18.381100482627996
INTU,2005-06-30,259569000.0,-48925000.0,-19996000.0,10013000.0,2716451000.0,1020952000.0,924246000.0,86125000.0,83842000.0,586810000.0,568045000.0,-318426000.0,-182226000.0,19.265781849622726
INTU,2005-09-30,304071000.0,-102621000.0,-45804000.0,-51024000.0,2442366000.0,941743000.0,639244000.0,144746000.0,74974000.0,-120676000.0,-102531000.0,225568000.0,-141788000.0,20.73507615923881
INTU,2005-12-31,742704000.0,238972000.0,182973000.0,274438000.0,2694275000.0,1140373000.0,727685000.0,319493000.0,122706000.0,-83779000.0,-108836000.0,247066000.0,-173027000.0,22.073209823123992
INTU,2006-03-31,952603000.0,480107000.0,298648000.0,546748000.0,2958786000.0,1285851000.0,1044917000.0,144940000.0,252969000.0,253995000.0,256197000.0,-208972000.0,11359000.0,23.105385903389223
INTU,2006-06-30,342925000.0,-56914000.0,-18854000.0,-4101000.0,2770027000.0,1031373000.0,1032998000.0,161975000.0,179601000.0,574869000.0,538273000.0,-77414000.0,-378543000.0,24.407467796688987
INTU,2006-09-30,362071000.0,-101494000.0,-58930000.0,-62154000.0,2835159000.0,1035921000.0,908035000.0,199379000.0,166074000.0,-135535000.0,-158158000.0,1156000.0,61389000.0,27.535771112593395
INTU,2006-12-31,763307000.0,214983000.0,145362000.0,252484000.0,3033999000.0,1209372000.0,867606000.0,319824000.0,286328000.0,-136706000.0,-165929000.0,31107000.0,91210000.0,29.4318908509754
INTU,2007-03-31,1154397000.0,578765000.0,367211000.0,617280000.0,4213356000.0,2269067000.0,2098306000.0,191247000.0,264573000.0,243137000.0,219454000.0,35942000.0,-156981000.0,26.65439286779185
INTU,2007-06-30,393172000.0,-54025000.0,-13640000.0,22730000.0,4252026000.0,2215684000.0,2046289000.0,185869000.0,255201000.0,708234000.0,671832000.0,-1453100000.0,718312000.0,26.091247952173628
INTU,2007-09-30,444938000.0,-103199000.0,-20804000.0,-7417000.0,3951697000.0,2090933000.0,1855246000.0,211694000.0,146068000.0,-87905000.0,-151854000.0,-6576000.0,81319000.0,25.705521295941065
INTU,2007-12-31,834874000.0,173630000.0,115247000.0,278032000.0,4371856000.0,2525396000.0,1604935000.0,376563000.0,230148000.0,-161363000.0,-226638000.0,233595000.0,-187154000.0,27.48487639427185
INTU,2008-03-31,1313008000.0,674501000.0,444179000.0,842959000.0,4548433000.0,2491829000.0,1423347000.0,225504000.0,471504000.0,37544000.0,-84375000.0,305251000.0,-370204000.0,25.785668326205894
INTU,2008-06-30,482154000.0,-94165000.0,-61860000.0,-10032000.0,4666584000.0,2586723000.0,1412489000.0,187794000.0,413340000.0,869493000.0,652239000.0,-19290000.0,-636055000.0,25.174053698778152
INTU,2008-09-30,481379000.0,-73030000.0,-52144000.0,-28519000.0,4105750000.0,2151543000.0,1287073000.0,300946000.0,169557000.0,-39303000.0,-128176000.0,-67515000.0,49546000.0,26.09450563788414
INTU,2008-12-31,1272355000.0,109557000.0,32896000.0,152218000.0,4390008000.0,2354413000.0,1207232000.0,559276000.0,338708000.0,-199681000.0,-266891000.0,57697000.0,-94229000.0,21.186028331518173
INTU,2009-03-31,2706763000.0,764062000.0,517716000.0,973881000.0,5032975000.0,2433088000.0,1248208000.0,274469000.0,1222028000.0,-57138000.0,-174022000.0,107634000.0,-114714000.0,21.576641145299693
INTU,2009-06-30,1748129000.0,-115529000.0,-37779000.0,121354000.0,4826329000.0,2268979000.0,1666302000.0,213304000.0,678902000.0,877891000.0,729520000.0,25365000.0,-84354000.0,23.37331714327373
INTU,2009-09-30,493000000.0,-99000000.0,-68000000.0,-19000000.0,4454000000.0,2182000000.0,1612000000.0,258000000.0,313000000.0,-122665000.0,-273630000.0,-350172000.0,-140674000.0,25.5395290851593
INTU,2009-12-31,837000000.0,139000000.0,114000000.0,243000000.0,4778000000.0,2522000000.0,1607000000.0,491000000.0,337000000.0,-140000000.0,-172000000.0,22000000.0,-248000000.0,26.527610391378403
INTU,2010-03-31,1607000000.0,888000000.0,576000000.0,948000000.0,5427000000.0,2569000000.0,2497000000.0,205000000.0,430000000.0,245000000.0,211000000.0,-54000000.0,-168000000.0,28.541944222372088
INTU,2010-06-30,537000000.0,-64000000.0,-48000000.0,-5000000.0,5198000000.0,2377000000.0,2406000000.0,162000000.0,214000000.0,1044000000.0,1010000000.0,-934000000.0,-19000000.0,31.89809959653824
INTU,2010-09-30,532000000.0,-104000000.0,-70000000.0,-40000000.0,4943000000.0,2328000000.0,2060000000.0,288000000.0,112000000.0,-151000000.0,-194000000.0,-31000000.0,-32000000.0,36.49948325753212
INTU,2010-12-31,878000000.0,111000000.0,73000000.0,178000000.0,4979000000.0,2707000000.0,1457000000.0,604000000.0,433000000.0,-211000000.0,-265000000.0,285000000.0,-177000000.0,42.33050459623337
INTU,2011-03-31,1848000000.0,1061000000.0,688000000.0,1128000000.0,5567000000.0,2746000000.0,998000000.0,268000000.0,1369000000.0,258000000.0,174000000.0,519000000.0,-455000000.0,44.28860209065099
INTU,2011-06-30,593000000.0,-61000000.0,-57000000.0,1000000.0,5110000000.0,2494000000.0,999000000.0,243000000.0,722000000.0,1138000000.0,1107000000.0,-24000000.0,-184000000.0,47.41269484020415
INTU,2011-09-30,594000000.0,-94000000.0,-64000000.0,-11000000.0,4683000000.0,2322000000.0,999000000.0,305000000.0,333000000.0,-172000000.0,-231000000.0,-283000000.0,-190000000.0,41.99249649047852
INTU,2011-12-31,1019000000.0,192000000.0,118000000.0,256000000.0,4962000000.0,2739000000.0,999000000.0,673000000.0,277000000.0,-110000000.0,-154000000.0,-50000000.0,-226000000.0,46.74546638367668
INTU,2012-03-31,1945000000.0,1107000000.0,734000000.0,1168000000.0,5116000000.0,2281000000.0,1162000000.0,299000000.0,859000000.0,260000000.0,212000000.0,-15000000.0,-300000000.0,51.51946418516098
INTU,2012-06-30,593000000.0,-28000000.0,4000000.0,55000000.0,4684000000.0,1940000000.0,850000000.0,236000000.0,393000000.0,1278000000.0,1245000000.0,-17000000.0,-679000000.0,51.73127189515129
INTU,2012-09-30,647000000.0,-69000000.0,-19000000.0,19000000.0,4494000000.0,1749000000.0,841000000.0,349000000.0,216000000.0,-182000000.0,-253000000.0,-143000000.0,-139000000.0,52.96695721338666
INTU,2012-12-31,968000000.0,93000000.0,71000000.0,152000000.0,5089000000.0,2297000000.0,778000000.0,698000000.0,399000000.0,-145000000.0,-215000000.0,0.0,-33000000.0,54.29257325203188
INTU,2013-03-31,2178000000.0,1247000000.0,822000000.0,1307000000.0,5810000000.0,2240000000.0,1082000000.0,313000000.0,1412000000.0,256000000.0,211000000.0,-2000000.0,-71000000.0,57.84429416656494
INTU,2013-06-30,378000000.0,-38000000.0,-16000000.0,29000000.0,5486000000.0,1955000000.0,1151000000.0,192000000.0,1009000000.0,1449000000.0,1417000000.0,-345000000.0,-90000000.0,54.99166977405548
INTU,2013-09-30,622000000.0,-77000000.0,-11000000.0,24000000.0,4068000000.0,1844000000.0,1198000000.0,342000000.0,417000000.0,-194000000.0,-256000000.0,-138000000.0,-68000000.0,58.78122639656067
INTU,2013-12-31,782000000.0,-46000000.0,-37000000.0,4000000.0,4718000000.0,2483000000.0,1205000000.0,658000000.0,625000000.0,-190000000.0,-237000000.0,949000000.0,-1350000000.0,65.72903215885162
INTU,2014-03-31,2388000000.0,1494000000.0,984000000.0,1544000000.0,5610000000.0,2372000000.0,1558000000.0,279000000.0,1574000000.0,332000000.0,286000000.0,-121000000.0,5000000.0,70.0028856621414
INTU,2014-06-30,714000000.0,-57000000.0,-29000000.0,16000000.0,5201000000.0,2123000000.0,1564000000.0,169000000.0,849000000.0,1388000000.0,1350000000.0,-409000000.0,-32000000.0,70.92245519728888
INTU,2014-09-30,672000000.0,-114000000.0,-84000000.0,-60000000.0,5038000000.0,2111000000.0,1546000000.0,231000000.0,542000000.0,-84000000.0,-154000000.0,-468000000.0,-174000000.0,76.56025624275208
INTU,2014-12-31,808000000.0,-98000000.0,-66000000.0,-39000000.0,5245000000.0,2891000000.0,1384000000.0,605000000.0,482000000.0,-118000000.0,-173000000.0,-61000000.0,-123000000.0,82.20696091651917
INTU,2015-03-31,2194000000.0,906000000.0,501000000.0,966000000.0,5295000000.0,2974000000.0,1390000000.0,218000000.0,1193000000.0,365000000.0,304000000.0,26000000.0,-435000000.0,86.09630196993469
INTU,2015-06-30,518000000.0,44000000.0,14000000.0,55000000.0,4968000000.0,2636000000.0,1389000000.0,175000000.0,808000000.0,1475000000.0,1408000000.0,-60000000.0,-708000000.0,94.84202599903894
INTU,2015-09-30,713000000.0,-29000000.0,-31000000.0,22000000.0,3833000000.0,2782000000.0,850000000.0,224000000.0,474000000.0,-218000000.0,-296000000.0,-87000000.0,-71000000.0,90.41206967830658
INTU,2015-12-31,923000000.0,42000000.0,24000000.0,90000000.0,4349000000.0,3708000000.0,1245000000.0,620000000.0,334000000.0,-197000000.0,-267000000.0,816000000.0,-952000000.0,90.35630679130554
INTU,2016-03-31,2304000000.0,1285000000.0,1026000000.0,1527000000.0,4940000000.0,3692000000.0,1000000000.0,218000000.0,1289000000.0,306000000.0,-18000000.0,-323000000.0,-113000000.0,90.53132391757651
INTU,2016-06-30,754000000.0,-56000000.0,-40000000.0,10000000.0,4250000000.0,3089000000.0,1000000000.0,128000000.0,638000000.0,1602000000.0,1547000000.0,85000000.0,-749000000.0,98.32600486278534
INTU,2016-09-30,778000000.0,-61000000.0,-30000000.0,-8000000.0,3933000000.0,2997000000.0,1100000000.0,178000000.0,360000000.0,-310000000.0,-383000000.0,-207000000.0,-126000000.0,105.44322049617767
INTU,2016-12-31,1016000000.0,22000000.0,13000000.0,78000000.0,4373000000.0,3588000000.0,1150000000.0,562000000.0,392000000.0,-205000000.0,-291000000.0,98000000.0,-166000000.0,105.8921359834217
INTU,2017-03-31,2541000000.0,1444000000.0,964000000.0,1509000000.0,4969000000.0,3272000000.0,500000000.0,245000000.0,1350000000.0,292000000.0,246000000.0,-55000000.0,-209000000.0,113.67577017507246
INTU,2017-06-30,842000000.0,-10000000.0,24000000.0,55000000.0,4068000000.0,2714000000.0,488000000.0,166000000.0,529000000.0,1802000000.0,1756000000.0,-65000000.0,-774000000.0,123.36936272515192
INTU,2017-09-30,886000000.0,-57000000.0,-17000000.0,11000000.0,4064000000.0,2861000000.0,875000000.0,177000000.0,529000000.0,-290000000.0,-342000000.0,-63000000.0,-483000000.0,131.63751378135075
INTU,2017-12-31,1165000000.0,20000000.0,-21000000.0,87000000.0,4898000000.0,3741000000.0,1103000000.0,565000000.0,478000000.0,-78000000.0,-128000000.0,-75000000.0,158000000.0,145.74998885866196
INTU,2018-03-31,2925000000.0,1615000000.0,1200000000.0,1686000000.0,5787000000.0,3423000000.0,450000000.0,311000000.0,1614000000.0,252000000.0,225000000.0,-411000000.0,100000000.0,161.26457164326652
INTU,2018-06-30,988000000.0,-81000000.0,49000000.0,-8000000.0,5178000000.0,2824000000.0,438000000.0,137000000.0,1464000000.0,1975000000.0,1955000000.0,-102000000.0,-727000000.0,184.26198959350583
INTU,2018-09-30,1016000000.0,-10000000.0,34000000.0,47000000.0,4928000000.0,2146000000.0,425000000.0,193000000.0,1084000000.0,-37000000.0,-64000000.0,56000000.0,-165000000.0,206.8146730453249
INTU,2018-12-31,1502000000.0,233000000.0,189000000.0,294000000.0,5335000000.0,2539000000.0,413000000.0,624000000.0,1075000000.0,-143000000.0,-178000000.0,20000000.0,-182000000.0,200.7100481305804
INTU,2019-03-31,3272000000.0,1784000000.0,1378000000.0,1855000000.0,6917000000.0,2847000000.0,448000000.0,265000000.0,2946000000.0,341000000.0,296000000.0,-61000000.0,-295000000.0,223.4711606385278
INTU,2019-06-30,994000000.0,-153000000.0,-44000000.0,-75000000.0,6283000000.0,2534000000.0,436000000.0,152000000.0,2116000000.0,2248000000.0,2199000000.0,-260000000.0,-164000000.0,246.15469457232763
INTU,2019-09-30,1165000000.0,10000000.0,57000000.0,81000000.0,6183000000.0,2550000000.0,478000000.0,190000000.0,1630000000.0,-122000000.0,-148000000.0,-265000000.0,-393000000.0,266.9276514053345
INTU,2019-12-31,1696000000.0,270000000.0,240000000.0,342000000.0,6701000000.0,2974000000.0,468000000.0,655000000.0,1641000000.0,-127000000.0,-165000000.0,-57000000.0,-325000000.0,254.24400901794436
INTU,2020-03-31,3002000000.0,1413000000.0,1084000000.0,1464000000.0,7764000000.0,3024000000.0,448000000.0,225000000.0,3371000000.0,317000000.0,287000000.0,-39000000.0,-217000000.0,263.78717705511275
INTU,2020-06-30,1816000000.0,483000000.0,445000000.0,543000000.0,10931000000.0,5825000000.0,3415000000.0,161000000.0,6442000000.0,1937000000.0,1898000000.0,-15000000.0,-254000000.0,267.82991197374133
INTU,2020-09-30,1323000000.0,209000000.0,198000000.0,264000000.0,9707000000.0,4462000000.0,2406000000.0,128000000.0,5174000000.0,287000000.0,257000000.0,14000000.0,2830000000.0,305.9966034889221
INTU,2020-12-31,1576000000.0,-25000000.0,20000000.0,120000000.0,14598000000.0,5730000000.0,2821000000.0,618000000.0,1952000000.0,45000000.0,7000000.0,-130000000.0,-1153000000.0,344.07621717453003
INTU,2021-03-31,4173000000.0,1914000000.0,1464000000.0,2041000000.0,15758000000.0,5803000000.0,2472000000.0,558000000.0,3164000000.0,279000000.0,246000000.0,-3136000000.0,-434000000.0,377.8704428750961
INTU,2021-06-30,2561000000.0,402000000.0,380000000.0,523000000.0,15516000000.0,5647000000.0,2480000000.0,514000000.0,2562000000.0,2384000000.0,2354000000.0,-262000000.0,-992000000.0,426.12100268167165
INTU,2021-09-30,2007000000.0,195000000.0,228000000.0,359000000.0,14870000000.0,5137000000.0,2507000000.0,522000000.0,2864000000.0,542000000.0,518000000.0,-437000000.0,-597000000.0,530.2785301208496
INTU,2021-12-31,2673000000.0,56000000.0,100000000.0,271000000.0,26303000000.0,10708000000.0,7161000000.0,1130000000.0,1257000000.0,145000000.0,103000000.0,796000000.0,-786000000.0,608.1467819213867
INTU,2022-03-31,5632000000.0,2395000000.0,1794000000.0,2394000000.0,28514000000.0,11553000000.0,7354000000.0,744000000.0,3531000000.0,85000000.0,20000000.0,-5478000000.0,3858000000.0,505.0414438555318
KLAC,2003-03-31,304298000.0,25600000.0,27339000.0,55719000.0,2784920000.0,659864000.0,0.0,231809000.0,568016000.0,89232000.0,89465000.0,-54034000.0,2738000.0,19.13673957449491
KLAC,2003-06-30,308313000.0,29082000.0,29359000.0,54901000.0,2866597000.0,651056000.0,0.0,223535000.0,606903000.0,59116000.0,51272000.0,-60612000.0,38382000.0,22.790232249668662
KLAC,2003-09-30,317970000.0,36968000.0,36837000.0,65313000.0,2953742000.0,645184000.0,0.0,208607000.0,644189000.0,29734000.0,19816000.0,-54190000.0,58194000.0,28.431719213724136
KLAC,2003-12-31,338538000.0,51062000.0,44515000.0,79844000.0,3072433000.0,673626000.0,0.0,245841000.0,660814000.0,33507000.0,20232000.0,-66486000.0,44890000.0,30.47397568821907
KLAC,2004-03-31,389772000.0,87753000.0,66182000.0,112936000.0,3321306000.0,833173000.0,0.0,362295000.0,776248000.0,89814000.0,75109000.0,5576000.0,19017000.0,29.58784666369038
KLAC,2004-06-30,450438000.0,121575000.0,96167000.0,149549000.0,3539179000.0,911629000.0,0.0,372773000.0,802678000.0,196622000.0,178992000.0,-158776000.0,-9095000.0,24.96434903913929
KLAC,2004-09-30,518773000.0,156967000.0,116405000.0,182542000.0,3590007000.0,905129000.0,0.0,365529000.0,948766000.0,93133000.0,75337000.0,115495000.0,-62239000.0,21.19572603702545
KLAC,2004-12-31,532853000.0,155508000.0,122077000.0,182589000.0,3765666000.0,918690000.0,0.0,446216000.0,992041000.0,78350000.0,49060000.0,-72571000.0,31993000.0,24.01588198542595
KLAC,2005-03-31,541611000.0,154847000.0,123163000.0,179967000.0,3959637000.0,977083000.0,0.0,445227000.0,806161000.0,181576000.0,174331000.0,-175541000.0,8107000.0,24.87248983539519
KLAC,2005-06-30,491916000.0,115240000.0,105050000.0,149450000.0,3986372000.0,931862000.0,0.0,333218000.0,874509000.0,153676000.0,148332000.0,-25451000.0,-58930000.0,23.20704939961433
KLAC,2005-09-30,483860000.0,80838000.0,76678000.0,113473000.0,4030598000.0,856390000.0,0.0,307194000.0,863782000.0,11962000.0,-6087000.0,-26475000.0,3542000.0,26.250924855470657
KLAC,2005-12-31,487970000.0,76515000.0,76649000.0,112207000.0,4164536000.0,859721000.0,0.0,371873000.0,964188000.0,59044000.0,38308000.0,20973000.0,13356000.0,26.81698475186787
KLAC,2006-03-31,518256000.0,87345000.0,98143000.0,122119000.0,4361318000.0,937102000.0,0.0,456288000.0,961995000.0,110377000.0,90038000.0,125091000.0,-29772000.0,27.806702613830566
KLAC,2006-06-30,580541000.0,65093000.0,128982000.0,103596000.0,4575911000.0,1002481000.0,0.0,439899000.0,1129191000.0,133786000.0,119100000.0,105481000.0,-72085000.0,24.07282968551393
KLAC,2006-09-30,629363000.0,153990000.0,135922000.0,192088000.0,4691183000.0,941957000.0,0.0,415403000.0,1199969000.0,106968000.0,94655000.0,-34167000.0,-4515000.0,23.137452140687003
KLAC,2006-12-31,649270000.0,78359000.0,90049000.0,130735000.0,4842728000.0,1010169000.0,0.0,448520000.0,863384000.0,149640000.0,130146000.0,-467598000.0,-23967000.0,26.7749083079989
KLAC,2007-03-31,716208000.0,182655000.0,154785000.0,232636000.0,4340793000.0,1029536000.0,0.0,499298000.0,604416000.0,198608000.0,175774000.0,223805000.0,-680502000.0,27.84114881421699
KLAC,2007-06-30,736388000.0,174864000.0,147342000.0,232438000.0,4623249000.0,1073207000.0,0.0,581500000.0,722511000.0,155470000.0,126329000.0,-121308000.0,75757000.0,30.030203107803587
KLAC,2007-09-30,693020000.0,177278000.0,88158000.0,219704000.0,4192100000.0,1134592000.0,0.0,618959000.0,514051000.0,205162000.0,190279000.0,204427000.0,-612498000.0,31.61898316277398
KLAC,2007-12-31,635783000.0,93487000.0,83935000.0,135101000.0,4153825000.0,1110046000.0,0.0,578595000.0,547643000.0,126427000.0,103818000.0,29312000.0,-121340000.0,27.833976328372955
KLAC,2008-03-31,602219000.0,125200000.0,110980000.0,187819000.0,4111005000.0,1121915000.0,0.0,573284000.0,563482000.0,148212000.0,138010000.0,49099000.0,-199416000.0,22.71417908590348
KLAC,2008-06-30,590694000.0,103411000.0,76010000.0,143986000.0,4848390000.0,1866660000.0,1153791000.0,492488000.0,1128106000.0,188374000.0,178745000.0,-230339000.0,614316000.0,23.78035518527031
KLAC,2008-09-30,532513000.0,34938000.0,19289000.0,81823000.0,4482247000.0,1721646000.0,1276429000.0,370343000.0,733459000.0,81357000.0,71225000.0,-257067000.0,-205995000.0,20.40605825185776
KLAC,2008-12-31,396589000.0,-505631000.0,-434254000.0,-482457000.0,3856093000.0,1568962000.0,1276539000.0,332353000.0,656330000.0,-35600000.0,-42567000.0,2925000.0,-53261000.0,11.662943467497826
KLAC,2009-03-31,309612000.0,-72281000.0,-82827000.0,-31796000.0,3636366000.0,1466534000.0,1298782000.0,241425000.0,664929000.0,76489000.0,73342000.0,-23670000.0,-26793000.0,10.904988163807351
KLAC,2009-06-30,281502000.0,-34967000.0,-25576000.0,-6640000.0,3609538000.0,1425146000.0,1550121000.0,210143000.0,524967000.0,73438000.0,71458000.0,-207088000.0,-13068000.0,14.464661870683942
KLAC,2009-09-30,342687000.0,14950000.0,20405000.0,59383000.0,3676270000.0,1469874000.0,1591732000.0,243924000.0,540839000.0,73249000.0,69614000.0,-40121000.0,-24522000.0,17.878630235791206
KLAC,2009-12-31,440355000.0,47095000.0,21794000.0,74798000.0,3725741000.0,1498807000.0,1736375000.0,298071000.0,531444000.0,163601000.0,152866000.0,-156608000.0,-15512000.0,19.865925699472427
KLAC,2010-03-31,478299000.0,91279000.0,57016000.0,115783000.0,3789845000.0,1570821000.0,1755630000.0,394661000.0,543505000.0,127672000.0,117631000.0,-32211000.0,-80719000.0,17.844661493770413
KLAC,2010-06-30,559419000.0,160842000.0,113085000.0,183082000.0,3907056000.0,1660445000.0,1803365000.0,440125000.0,529918000.0,83278000.0,77487000.0,976000.0,-95578000.0,18.17388053167434
KLAC,2010-09-30,682342000.0,235616000.0,154196000.0,257624000.0,4002865000.0,1661608000.0,1726490000.0,547956000.0,538384000.0,95528000.0,84365000.0,14155000.0,-110505000.0,17.7375900298357
KLAC,2010-12-31,766327000.0,268866000.0,185492000.0,290519000.0,4168461000.0,1702227000.0,1786314000.0,531453000.0,596104000.0,193925000.0,182373000.0,-57543000.0,-80790000.0,21.868534237146378
KLAC,2011-03-31,834059000.0,311779000.0,209783000.0,314929000.0,4449343000.0,1776326000.0,1946970000.0,655928000.0,638758000.0,243911000.0,230082000.0,-177256000.0,-26538000.0,26.69030223354217
KLAC,2011-06-30,892439000.0,344069000.0,245017000.0,347940000.0,4675521000.0,1814628000.0,2073496000.0,643044000.0,711329000.0,289802000.0,275195000.0,-138866000.0,-82322000.0,25.024786752367778
KLAC,2011-09-30,796476000.0,254289000.0,191995000.0,261155000.0,4565317000.0,1630722000.0,2100629000.0,520506000.0,745947000.0,218985000.0,206857000.0,-48708000.0,-133080000.0,22.961460947990417
KLAC,2011-12-31,642482000.0,159463000.0,110797000.0,160203000.0,4700988000.0,1732516000.0,2098220000.0,544098000.0,824986000.0,187232000.0,172314000.0,-11940000.0,-93829000.0,27.48794168139261
KLAC,2012-03-31,840521000.0,284274000.0,205346000.0,287538000.0,4933204000.0,1774439000.0,2352522000.0,683491000.0,763913000.0,262094000.0,247816000.0,-269132000.0,-51182000.0,30.493011320790934
KLAC,2012-06-30,892465000.0,318299000.0,247877000.0,342677000.0,5100308000.0,1784713000.0,2529983000.0,724223000.0,751294000.0,273306000.0,257034000.0,-199111000.0,-86012000.0,30.32014429001581
KLAC,2012-09-30,720709000.0,186557000.0,135367000.0,214061000.0,5065476000.0,1713164000.0,2675103000.0,588882000.0,709942000.0,245393000.0,225121000.0,-167121000.0,-123631000.0,30.99418885367257
KLAC,2012-12-31,673011000.0,153247000.0,106630000.0,180230000.0,5068763000.0,1707627000.0,2558044000.0,665700000.0,767313000.0,77443000.0,60352000.0,97719000.0,-114602000.0,28.93626976013184
KLAC,2013-03-31,729029000.0,202246000.0,166382000.0,226752000.0,5194473000.0,1748090000.0,2692542000.0,454224000.0,934201000.0,414783000.0,396483000.0,-155637000.0,-86075000.0,33.376047197977705
KLAC,2013-06-30,720032000.0,187635000.0,134770000.0,211288000.0,5287357000.0,1805205000.0,2680867000.0,550435000.0,985390000.0,175569000.0,156659000.0,-16408000.0,-104202000.0,34.46397602558136
KLAC,2013-09-30,658337000.0,149911000.0,111197000.0,174163000.0,5283552000.0,1792389000.0,2794437000.0,440674000.0,904949000.0,177248000.0,155497000.0,-136668000.0,-123733000.0,37.27416002750397
KLAC,2013-12-31,705129000.0,187982000.0,139246000.0,209867000.0,5440734000.0,1890527000.0,2904926000.0,573077000.0,793382000.0,115271000.0,100806000.0,-126120000.0,-97586000.0,40.38401544094086
KLAC,2014-03-31,831599000.0,261163000.0,203581000.0,285256000.0,5486851000.0,1846923000.0,2998384000.0,557661000.0,776223000.0,237727000.0,219507000.0,-132597000.0,-123041000.0,41.73422622680664
KLAC,2014-06-30,734343000.0,173014000.0,128731000.0,202059000.0,5538664000.0,1869318000.0,3269695000.0,520315000.0,630861000.0,248640000.0,235574000.0,-280724000.0,-114527000.0,43.12412619212317
KLAC,2014-09-30,642901000.0,109153000.0,72233000.0,133687000.0,5301572000.0,1771852000.0,3020863000.0,468896000.0,669683000.0,34926000.0,21481000.0,225548000.0,-215520000.0,49.37437283992767
KLAC,2014-12-31,676357000.0,154714000.0,20268000.0,43934000.0,4987366000.0,4385227000.0,3246071000.0,698834000.0,584865000.0,11084000.0,-1699000.0,475767000.0,-566062000.0,52.8325315117836
KLAC,2015-03-31,738459000.0,194986000.0,131638000.0,217472000.0,4902220000.0,4408279000.0,3236799000.0,701482000.0,621892000.0,242417000.0,232091000.0,59065000.0,-261712000.0,52.79217848230581
KLAC,2015-06-30,756332000.0,202487000.0,142019000.0,225583000.0,4826012000.0,4404573000.0,3190416000.0,618344000.0,838025000.0,317479000.0,308242000.0,157841000.0,-259678000.0,48.621961866106304
KLAC,2015-09-30,642644000.0,160794000.0,104897000.0,184598000.0,4571323000.0,4276882000.0,4656796000.0,475691000.0,763697000.0,193782000.0,186441000.0,31900000.0,-295633000.0,43.14903700351715
KLAC,2015-12-31,710245000.0,214461000.0,152207000.0,232543000.0,4572516000.0,4206891000.0,4486510000.0,488244000.0,886591000.0,100324000.0,92386000.0,141168000.0,-117704000.0,54.196780145168304
KLAC,2016-03-31,712433000.0,234838000.0,175777000.0,256606000.0,4782102000.0,4305530000.0,4412642000.0,679293000.0,925974000.0,111497000.0,102543000.0,40872000.0,-118174000.0,57.4431990326428
KLAC,2016-06-30,919171000.0,350352000.0,271541000.0,374264000.0,4962432000.0,4273318000.0,4440742000.0,631423000.0,1108488000.0,354093000.0,346585000.0,-69253000.0,-105191000.0,61.687640488147736
KLAC,2016-09-30,750673000.0,249216000.0,178101000.0,267374000.0,4996098000.0,4214589000.0,4546863000.0,684452000.0,966325000.0,169777000.0,159894000.0,-167823000.0,-146689000.0,62.40483075380325
KLAC,2016-12-31,876885000.0,333934000.0,238251000.0,352361000.0,5094456000.0,4129360000.0,2979197000.0,711510000.0,937033000.0,222413000.0,213784000.0,-140333000.0,-100914000.0,66.71593196808345
KLAC,2017-03-31,913809000.0,344113000.0,253562000.0,363819000.0,5324445000.0,4177133000.0,2954827000.0,805182000.0,955807000.0,224838000.0,215424000.0,-98371000.0,-112228000.0,77.44206754622921
KLAC,2017-06-30,938647000.0,348998000.0,256162000.0,370004000.0,5532173000.0,4205756000.0,2930457000.0,593188000.0,1153051000.0,462637000.0,451969000.0,-154359000.0,-112974000.0,88.29321555485801
KLAC,2017-09-30,969581000.0,361687000.0,280936000.0,382010000.0,5690398000.0,4226442000.0,2774838000.0,687078000.0,1320697000.0,373629000.0,357873000.0,112994000.0,-320132000.0,84.94991556803386
KLAC,2017-12-31,975822000.0,366197000.0,-134319000.0,390809000.0,5407268000.0,4181643000.0,4171222000.0,749869000.0,1073394000.0,129371000.0,116002000.0,25955000.0,-406297000.0,94.34808858235677
KLAC,2018-03-31,1021294000.0,385804000.0,306881000.0,410385000.0,5598184000.0,4228041000.0,4096214000.0,660455000.0,1255682000.0,352607000.0,337613000.0,25894000.0,-202288000.0,100.1668824993196
KLAC,2018-06-30,1070004000.0,423506000.0,348767000.0,449787000.0,5619356000.0,3998845000.0,3713338000.0,651678000.0,1404382000.0,373513000.0,350671000.0,126775000.0,-341386000.0,98.51128721237184
KLAC,2018-09-30,1093260000.0,443905000.0,395944000.0,470017000.0,5645109000.0,4077740000.0,3368684000.0,617583000.0,1649514000.0,381405000.0,359075000.0,314871000.0,-449692000.0,99.6819064427936
KLAC,2018-12-31,1119898000.0,433273000.0,369100000.0,458307000.0,5605287000.0,4007665000.0,2238378000.0,681396000.0,1793982000.0,282172000.0,255806000.0,208611000.0,-347452000.0,85.5103517562624
KLAC,2019-03-31,1097311000.0,243295000.0,192728000.0,326105000.0,9187605000.0,6302017000.0,3422646000.0,1049539000.0,1092163000.0,163594000.0,137638000.0,-1734903000.0,869285000.0,99.5753233862705
KLAC,2019-06-30,1258435000.0,268900000.0,217845000.0,400230000.0,9008516000.0,6330823000.0,3423382000.0,1084128000.0,1015994000.0,325461000.0,269615000.0,30439000.0,-432146000.0,107.7643064468626
KLAC,2019-09-30,1413414000.0,410248000.0,346525000.0,510583000.0,9229399000.0,6549780000.0,3452985000.0,1165256000.0,988348000.0,496245000.0,463679000.0,-146693000.0,-373613000.0,131.09688711166382
KLAC,2019-12-31,1509453000.0,462831000.0,380555000.0,554183000.0,9250720000.0,6562750000.0,3429814000.0,1276872000.0,939864000.0,387731000.0,352857000.0,-8148000.0,-432030000.0,158.10181427001953
KLAC,2020-03-31,1423964000.0,432613000.0,78452000.0,236863000.0,8845946000.0,6520750000.0,3472457000.0,1210645000.0,946175000.0,442028000.0,398583000.0,1788000.0,-432637000.0,152.49843548190208
KLAC,2020-06-30,1459593000.0,453158000.0,411253000.0,525165000.0,9279960000.0,6598950000.0,3569549000.0,1207289000.0,1234409000.0,452846000.0,411056000.0,-105821000.0,-61355000.0,162.75636824350508
KLAC,2020-09-30,1538620000.0,526389000.0,420567000.0,603683000.0,9320096000.0,6557751000.0,3519252000.0,1126634000.0,1215820000.0,512171000.0,456246000.0,-134320000.0,-404206000.0,188.970951795578
KLAC,2020-12-31,1650870000.0,570164000.0,457251000.0,650807000.0,9814644000.0,6864338000.0,3567128000.0,1313564000.0,1431466000.0,561081000.0,501937000.0,-95892000.0,-261377000.0,223.83513593673703
KLAC,2021-03-31,1803773000.0,672147000.0,567496000.0,764186000.0,9939240000.0,6826376000.0,3544239000.0,1301698000.0,1452150000.0,646150000.0,584967000.0,-176588000.0,-439453000.0,290.2465645211642
KLAC,2021-06-30,1925471000.0,719780000.0,632978000.0,833380000.0,10271124000.0,6895482000.0,3545828000.0,1396531000.0,1434610000.0,465624000.0,410248000.0,-93604000.0,-392845000.0,309.5839446537078
KLAC,2021-09-30,2083838000.0,818800000.0,1068417000.0,889416000.0,11146477000.0,7287391000.0,3542322000.0,1558851000.0,1509564000.0,863797000.0,794842000.0,-175306000.0,-609030000.0,323.57819747924805
KLAC,2021-12-31,2352630000.0,965958000.0,717444000.0,1050229000.0,11680237000.0,7633481000.0,3539126000.0,1825052000.0,1657057000.0,810798000.0,745897000.0,-106264000.0,-557846000.0,375.1350975036621
KLAC,2022-03-31,2288676000.0,894907000.0,730572000.0,978302000.0,12017812000.0,7939188000.0,3699799000.0,1618867000.0,1415172000.0,818878000.0,718574000.0,-569494000.0,-486403000.0,364.4678192138672
LRCX,2003-03-31,187100000.0,-1048000.0,800000.0,14485000.0,1196000000.0,566000000.0,327160000.0,133000000.0,96000000.0,23970000.0,20206000.0,-41260000.0,-45823000.0,10.918512406896372
LRCX,2003-06-30,186100000.0,-7573000.0,3700000.0,3539000.0,1198000000.0,549000000.0,337011000.0,108000000.0,167000000.0,31698000.0,28962000.0,25335000.0,12426000.0,13.554142179943266
LRCX,2003-09-30,183700000.0,4937000.0,4800000.0,17631000.0,1206000000.0,529000000.0,330000000.0,114000000.0,87000000.0,-1189000.0,-2978000.0,-101033000.0,21551000.0,19.650178492069244
LRCX,2003-12-31,191500000.0,8048000.0,6400000.0,15182000.0,1248000000.0,532000000.0,328000000.0,115000000.0,129000000.0,35355000.0,30932000.0,-24879000.0,31067000.0,25.385431468486782
LRCX,2004-03-31,231100000.0,24664000.0,19200000.0,35667000.0,1371000000.0,623000000.0,326750000.0,180000000.0,309000000.0,40579000.0,35780000.0,127682000.0,11289000.0,23.815069475481582
LRCX,2004-06-30,329600000.0,68531000.0,52700000.0,77693000.0,1199000000.0,386000000.0,12500000.0,246000000.0,163000000.0,82404000.0,69389000.0,46736000.0,-275655000.0,20.936872113135557
LRCX,2004-09-30,419500000.0,121276000.0,89800000.0,128448000.0,1311000000.0,396000000.0,9250000.0,333000000.0,193000000.0,40382000.0,35244000.0,-22446000.0,10939000.0,19.16542848944664
LRCX,2004-12-31,379800000.0,108570000.0,83600000.0,117493000.0,1394000000.0,364000000.0,7000000.0,248000000.0,326000000.0,150365000.0,141520000.0,-50257000.0,30986000.0,22.559483975172043
LRCX,2005-03-31,349300000.0,78625000.0,59500000.0,86752000.0,1483000000.0,379000000.0,3000000.0,257000000.0,436000000.0,101299000.0,96659000.0,26336000.0,-18870000.0,24.443190996764137
LRCX,2005-06-30,353800000.0,82531000.0,66500000.0,96173000.0,1449000000.0,382000000.0,0.0,232000000.0,482000000.0,133884000.0,129658000.0,-12361000.0,-75374000.0,24.569814532995224
LRCX,2005-09-30,320900000.0,59682000.0,49500000.0,75028000.0,1425000000.0,366000000.0,1000000.0,221000000.0,515000000.0,47381000.0,42723000.0,46940000.0,-61379000.0,25.75723397731781
LRCX,2005-12-31,358200000.0,76909000.0,77800000.0,91998000.0,1582000000.0,440000000.0,1000000.0,279000000.0,634000000.0,111405000.0,106369000.0,9155000.0,9000.0,30.49692166040814
LRCX,2006-03-31,437400000.0,110268000.0,86300000.0,123961000.0,1739000000.0,509000000.0,2000000.0,319000000.0,758000000.0,109635000.0,103188000.0,20256000.0,-7552000.0,37.36454834476594
LRCX,2006-06-30,525600000.0,159406000.0,122100000.0,174996000.0,2327000000.0,919000000.0,350000000.0,407000000.0,911000000.0,92266000.0,66327000.0,-320643000.0,379607000.0,40.06265361725338
LRCX,2006-09-30,604400000.0,194833000.0,183500000.0,231610000.0,2534000000.0,935000000.0,350000000.0,380000000.0,1031000000.0,216627000.0,203707000.0,-103843000.0,7901000.0,35.996560656835165
LRCX,2006-12-31,633400000.0,194505000.0,167300000.0,215423000.0,2680000000.0,939000000.0,300000000.0,456000000.0,629000000.0,162038000.0,148072000.0,-476848000.0,-88565000.0,44.15248889014835
LRCX,2007-03-31,650300000.0,188973000.0,164700000.0,215152000.0,2610000000.0,894000000.0,250000000.0,461000000.0,495000000.0,151401000.0,132624000.0,-26926000.0,-258679000.0,40.512232420874426
LRCX,2007-06-30,678500000.0,200349000.0,170200000.0,222954000.0,2102000000.0,925000000.0,250000000.0,410000000.0,574000000.0,293493000.0,279188000.0,524771000.0,-738992000.0,45.44700707329644
LRCX,2007-09-30,684600000.0,197886000.0,148600000.0,217655000.0,2289000000.0,898000000.0,250000000.0,339000000.0,793000000.0,222447000.0,208303000.0,-30129000.0,25648000.0,46.96015857514881
LRCX,2007-12-31,610300000.0,161334000.0,115100000.0,173260000.0,2448000000.0,899000000.0,250000000.0,442000000.0,776000000.0,21440000.0,-2977000.0,-58478000.0,19073000.0,41.979716181755066
LRCX,2008-03-31,613800000.0,86283000.0,103500000.0,149788000.0,2794000000.0,1130000000.0,305530000.0,600000000.0,552000000.0,145985000.0,126694000.0,-366451000.0,-1252000.0,34.00702282639801
LRCX,2008-06-30,566200000.0,63928000.0,72200000.0,91001000.0,2807000000.0,1028000000.0,307209000.0,412000000.0,733000000.0,200447000.0,181496000.0,-40747000.0,22341000.0,34.77130016684532
LRCX,2008-09-30,440400000.0,16519000.0,8900000.0,43496000.0,2685000000.0,924000000.0,299119000.0,312000000.0,745000000.0,43132000.0,27981000.0,-26726000.0,9985000.0,29.55132940411568
LRCX,2008-12-31,283400000.0,-37392000.0,-24200000.0,-27523000.0,2538000000.0,817000000.0,286899000.0,291000000.0,653000000.0,-38989000.0,-51406000.0,-15591000.0,-39451000.0,18.25172807276249
LRCX,2009-03-31,174400000.0,-195184000.0,-198400000.0,-160904000.0,2033000000.0,530000000.0,45274000.0,197000000.0,375000000.0,-24152000.0,-35018000.0,3572000.0,-240051000.0,18.573717789571795
LRCX,2009-06-30,217800000.0,-65186000.0,-88500000.0,-44291000.0,1993000000.0,540000000.0,46348000.0,254000000.0,374000000.0,-58120000.0,-63968000.0,44750000.0,8687000.0,22.212393442789715
LRCX,2009-09-30,318500000.0,29252000.0,16800000.0,46770000.0,1995000000.0,491000000.0,47369000.0,326000000.0,361000000.0,2704000.0,-3128000.0,-23139000.0,4398000.0,26.654183357954025
LRCX,2009-12-31,487200000.0,91348000.0,69600000.0,109729000.0,2185000000.0,600000000.0,46374000.0,420000000.0,430000000.0,73310000.0,66417000.0,-7812000.0,3148000.0,31.34846818447113
LRCX,2010-03-31,632800000.0,149093000.0,120300000.0,169006000.0,2324000000.0,680000000.0,25512000.0,522000000.0,461000000.0,109266000.0,98443000.0,5568000.0,-82731000.0,30.756757673670037
LRCX,2010-06-30,695300000.0,155717000.0,140000000.0,177090000.0,2487000000.0,719000000.0,22967000.0,500000000.0,546000000.0,165433000.0,153391000.0,-77973000.0,2521000.0,34.116547327193004
LRCX,2010-09-30,805900000.0,223994000.0,193700000.0,241049000.0,2652000000.0,766000000.0,20226000.0,527000000.0,628000000.0,255744000.0,236614000.0,-43646000.0,-136199000.0,34.20522141456604
LRCX,2010-12-31,870700000.0,241104000.0,221900000.0,260973000.0,2933000000.0,848000000.0,21113000.0,689000000.0,729000000.0,185583000.0,147558000.0,-37641000.0,-51533000.0,40.38577300310135
LRCX,2011-03-31,809100000.0,196996000.0,182200000.0,216883000.0,3148000000.0,825000000.0,20242000.0,638000000.0,943000000.0,241593000.0,205824000.0,-47258000.0,14724000.0,45.64477200661936
LRCX,2011-06-30,752000000.0,142191000.0,125900000.0,162034000.0,4054000000.0,1584000000.0,742782000.0,591000000.0,1492000000.0,198108000.0,163537000.0,-351368000.0,699994000.0,41.09145972842262
LRCX,2011-09-30,680400000.0,99399000.0,71800000.0,117920000.0,3898000000.0,1508000000.0,747446000.0,523000000.0,1339000000.0,86900000.0,71168000.0,-100974000.0,-137644000.0,34.13199493288994
LRCX,2011-12-31,584000000.0,47546000.0,33200000.0,71418000.0,3978000000.0,1515000000.0,751817000.0,462000000.0,1507000000.0,169016000.0,142334000.0,-30561000.0,30302000.0,35.2846609145876
LRCX,2012-03-31,659000000.0,58118000.0,45600000.0,86439000.0,4193000000.0,1584000000.0,757500000.0,472000000.0,1410000000.0,146397000.0,118419000.0,-310200000.0,67596000.0,36.20367582382694
LRCX,2012-06-30,741800000.0,32670000.0,18100000.0,68310000.0,8005000000.0,2873000000.0,1463139000.0,766000000.0,1565000000.0,96715000.0,59835000.0,711461000.0,-653001000.0,34.17199519323924
LRCX,2012-09-30,906900000.0,16712000.0,2800000.0,96760000.0,7724000000.0,2713000000.0,1280521000.0,640000000.0,1411000000.0,249262000.0,205297000.0,-60457000.0,-344868000.0,29.705827168055944
LRCX,2012-12-31,860900000.0,4042000.0,6400000.0,68988000.0,7363000000.0,2667000000.0,1288464000.0,591000000.0,1190000000.0,193226000.0,154302000.0,-70197000.0,-348542000.0,30.326226788182414
LRCX,2013-03-31,844928000.0,10819000.0,18996000.0,85021000.0,7146302000.0,2604102000.0,1296154000.0,544070000.0,1019109000.0,102457000.0,67691000.0,-47273000.0,-221330000.0,35.525219758351646
LRCX,2013-06-30,986214000.0,86498000.0,85707000.0,165412000.0,7250315000.0,2574523000.0,1303911000.0,602624000.0,1162473000.0,174988000.0,131848000.0,-60710000.0,26950000.0,39.092701971530914
LRCX,2013-09-30,1015100000.0,105408000.0,85500000.0,180733000.0,7290000000.0,2763000000.0,1497538000.0,714000000.0,1156000000.0,51925000.0,28147000.0,18939000.0,-76645000.0,42.25478732585907
LRCX,2013-12-31,1116100000.0,164474000.0,149000000.0,249449000.0,7556000000.0,2890000000.0,1504481000.0,910000000.0,1133000000.0,129023000.0,90700000.0,-113830000.0,-40215000.0,45.4791516661644
LRCX,2014-03-31,1227400000.0,191937000.0,164400000.0,270977000.0,7707000000.0,2900000000.0,1512401000.0,818000000.0,1292000000.0,290210000.0,248572000.0,-95810000.0,-34502000.0,45.92215997664655
LRCX,2014-06-30,1248800000.0,215850000.0,233400000.0,376087000.0,7993000000.0,2964000000.0,1519267000.0,801000000.0,1453000000.0,245891000.0,204127000.0,-74513000.0,-11373000.0,51.681815919421965
LRCX,2014-09-30,1152400000.0,168298000.0,141100000.0,246289000.0,7894000000.0,3003000000.0,1526099000.0,864000000.0,1294000000.0,141161000.0,99290000.0,7871000.0,-305837000.0,61.88715845346451
LRCX,2014-12-31,1232200000.0,188741000.0,176900000.0,264233000.0,8111000000.0,3110000000.0,1531963000.0,944000000.0,981000000.0,161239000.0,99876000.0,-378875000.0,-90769000.0,67.42436051368713
LRCX,2015-03-31,1393300000.0,239965000.0,206300000.0,316550000.0,9239000000.0,4141000000.0,2532686000.0,1047000000.0,1636000000.0,191037000.0,159139000.0,-394636000.0,862635000.0,68.9091293460033
LRCX,2015-06-30,1481400000.0,191035000.0,131300000.0,265430000.0,9365000000.0,4262000000.0,2602650000.0,1094000000.0,1502000000.0,292066000.0,228933000.0,-340456000.0,-87557000.0,68.61735286409893
LRCX,2015-09-30,1600000000.0,335428000.0,288700000.0,403551000.0,9594000000.0,4236000000.0,2548392000.0,1089000000.0,1744000000.0,448997000.0,399543000.0,-79157000.0,-123246000.0,64.26736658811569
LRCX,2015-12-31,1425500000.0,238834000.0,223000000.0,319275000.0,9750000000.0,4198000000.0,2555697000.0,1090000000.0,1968000000.0,294545000.0,266402000.0,14395000.0,-85736000.0,66.24889194965363
LRCX,2016-03-31,1314100000.0,190753000.0,143500000.0,272720000.0,10024000000.0,4332000000.0,2564982000.0,1237000000.0,2232000000.0,182911000.0,136904000.0,135731000.0,-57160000.0,64.32073474321209
LRCX,2016-06-30,1546300000.0,309241000.0,258900000.0,390455000.0,12264000000.0,6370000000.0,4535494000.0,1262000000.0,5039000000.0,423824000.0,372098000.0,521514000.0,1861887000.0,71.325035572052
LRCX,2016-09-30,1632400000.0,315947000.0,263800000.0,408791000.0,12636000000.0,6451000000.0,4533999000.0,1290000000.0,5862000000.0,473224000.0,431245000.0,376752000.0,-29508000.0,81.04740726947784
LRCX,2016-12-31,1882300000.0,439828000.0,332800000.0,488506000.0,11521000000.0,5125000000.0,2923895000.0,1426000000.0,2504000000.0,404098000.0,367585000.0,-2027217000.0,-1729258000.0,90.78302219935826
LRCX,2017-03-31,2154000000.0,538418000.0,574700000.0,631594000.0,11875000000.0,5129000000.0,2857288000.0,1636000000.0,2129000000.0,422688000.0,378572000.0,-467250000.0,-333819000.0,105.56931870983492
LRCX,2017-06-30,2344900000.0,607939000.0,526400000.0,707448000.0,12123000000.0,5305000000.0,2863439000.0,1673000000.0,2378000000.0,729272000.0,694461000.0,59102000.0,-539809000.0,132.13623943026104
LRCX,2017-09-30,2478100000.0,693222000.0,590700000.0,790747000.0,12399000000.0,5127000000.0,2569907000.0,1531000000.0,2406000000.0,858306000.0,798242000.0,-303891000.0,-528804000.0,146.59064253549727
LRCX,2017-12-31,2580800000.0,737371000.0,-10000000.0,133915000.0,12912000000.0,6769000000.0,3321660000.0,2279000000.0,1745000000.0,28704000.0,-55989000.0,-294813000.0,-396022000.0,178.0218026297433
LRCX,2018-03-31,2892100000.0,827511000.0,778800000.0,879670000.0,13663000000.0,6860000000.0,3286265000.0,2083000000.0,4699000000.0,1050379000.0,1001322000.0,2085864000.0,-186462000.0,179.94763108550526
LRCX,2018-06-30,3125900000.0,955195000.0,1021100000.0,1175950000.0,12479000000.0,5978000000.0,2495030000.0,2177000000.0,4512000000.0,718358000.0,638703000.0,1261280000.0,-2160769000.0,175.5528645515442
LRCX,2018-09-30,2330700000.0,591751000.0,533400000.0,692993000.0,10958000000.0,5635000000.0,2414369000.0,1847000000.0,2568000000.0,720286000.0,664188000.0,-672331000.0,-1990193000.0,156.4809824625651
LRCX,2018-12-31,2522673000.0,690379000.0,568855000.0,761308000.0,10768458000.0,4984095000.0,2057301000.0,1868842000.0,3359793000.0,642419000.0,536496000.0,666931000.0,-515553000.0,132.29236675444105
LRCX,2019-03-31,2439048000.0,565517000.0,547390000.0,698586000.0,12895262000.0,7554283000.0,4765621000.0,1522273000.0,4931611000.0,932821000.0,857299000.0,-1008171000.0,1643522000.0,154.9352717165087
LRCX,2019-06-30,2361147000.0,617085000.0,541825000.0,720254000.0,12001333000.0,7278029000.0,4489899000.0,1455522000.0,3658219000.0,880487000.0,814539000.0,-623483000.0,-1527856000.0,177.3101792108445
LRCX,2019-09-30,2165746000.0,537455000.0,465789000.0,633386000.0,12343502000.0,7407109000.0,4475800000.0,1635643000.0,4607182000.0,464047000.0,424791000.0,750682000.0,-262096000.0,197.1346070766449
LRCX,2019-12-31,2583501000.0,686511000.0,514510000.0,780732000.0,11914122000.0,7534693000.0,4456663000.0,2030490000.0,3035887000.0,307928000.0,245874000.0,-734329000.0,-1150696000.0,250.82189965248108
LRCX,2020-03-31,2503625000.0,694114000.0,574781000.0,738323000.0,12938635000.0,8401028000.0,5097884000.0,2191070000.0,3961586000.0,541428000.0,490053000.0,169772000.0,225462000.0,272.96507903068294
LRCX,2020-06-30,2791864000.0,755722000.0,696673000.0,868502000.0,14559047000.0,9375558000.0,5810725000.0,2097099000.0,4915172000.0,813048000.0,762494000.0,-430209000.0,563400000.0,260.16079881456164
LRCX,2020-09-30,3177080000.0,961064000.0,823451000.0,1047299000.0,15057008000.0,9631516000.0,5827633000.0,2317922000.0,4129067000.0,642511000.0,579705000.0,-801666000.0,-631485000.0,329.736291885376
LRCX,2020-12-31,3456237000.0,1009724000.0,869229000.0,1108723000.0,15370374000.0,9861826000.0,5825343000.0,2900362000.0,3687165000.0,344637000.0,252565000.0,69940000.0,-865317000.0,404.5148410797119
LRCX,2021-03-31,3847654000.0,1195308000.0,1071121000.0,1291677000.0,15284913000.0,9910080000.0,5817047000.0,2809068000.0,3673366000.0,1165080000.0,1075484000.0,115936000.0,-1288406000.0,525.0825925733222
LRCX,2021-06-30,4145179000.0,1315927000.0,1144657000.0,1394324000.0,15892152000.0,9864964000.0,5001682000.0,3026430000.0,4418263000.0,1435935000.0,1331313000.0,689061000.0,-1381774000.0,609.7347944955977
LRCX,2021-09-30,4304465000.0,1372233000.0,1179744000.0,1468306000.0,15565552000.0,9745509000.0,4995332000.0,3397180000.0,4042151000.0,457524000.0,321097000.0,596693000.0,-1427592000.0,588.6178646087646
LRCX,2021-12-31,4226604000.0,1338139000.0,1194830000.0,1484608000.0,16685428000.0,10209647000.0,4994322000.0,3402840000.0,5086544000.0,1440506000.0,1302013000.0,186083000.0,-578103000.0,608.271806716919
LRCX,2022-03-31,4060416000.0,1192097000.0,1021778000.0,1265633000.0,16589031000.0,10562541000.0,5008346000.0,3702320000.0,4194719000.0,757710000.0,612342000.0,-94564000.0,-1549708000.0,566.176514656313
MRVL,2003-03-31,168283000.0,6382000.0,4357000.0,35636000.0,2129396000.0,171298000.0,20702000.0,90068000.0,159287000.0,16963000.0,11126000.0,-17856000.0,6607000.0,4.209478819956545
MRVL,2003-06-30,192854000.0,11944000.0,9422000.0,44559000.0,2254524000.0,224969000.0,19341000.0,102925000.0,208733000.0,39244000.0,32261000.0,-7248000.0,1975000.0,5.852123328617641
MRVL,2003-09-30,215331000.0,15020000.0,11956000.0,46762000.0,2351181000.0,219942000.0,23699000.0,119855000.0,245063000.0,38023000.0,31086000.0,-14782000.0,26205000.0,8.12105917930603
MRVL,2003-12-31,243294000.0,23783000.0,19775000.0,55410000.0,2435465000.0,244624000.0,30691000.0,136513000.0,224399000.0,32166000.0,17544000.0,-35060000.0,39224000.0,8.703711226582527
MRVL,2004-03-31,269577000.0,18285000.0,14497000.0,50476000.0,2485642000.0,255562000.0,28152000.0,151453000.0,245875000.0,40380000.0,-26319000.0,-73616000.0,12572000.0,9.067883460752425
MRVL,2004-06-30,297154000.0,33636000.0,28624000.0,66299000.0,2545447000.0,245696000.0,57232000.0,161107000.0,298141000.0,28004000.0,20887000.0,-23338000.0,16810000.0,9.68008098294658
MRVL,2004-09-30,317583000.0,49225000.0,43595000.0,82904000.0,2673556000.0,281638000.0,26533000.0,190894000.0,391830000.0,53149000.0,46527000.0,-30957000.0,30074000.0,10.177049681544304
MRVL,2004-12-31,340266000.0,60701000.0,54945000.0,97159000.0,2788962000.0,291532000.0,24794000.0,200954000.0,166471000.0,72545000.0,62531000.0,-12795000.0,33939000.0,13.295843809843063
MRVL,2005-03-31,364770000.0,69271000.0,63532000.0,106944000.0,2892742000.0,311519000.0,41145000.0,205143000.0,182976000.0,67832000.0,45823000.0,-281040000.0,38279000.0,15.192377215526143
MRVL,2005-06-30,390454000.0,83759000.0,77302000.0,122571000.0,3040961000.0,350578000.0,37518000.0,210209000.0,251987000.0,68904000.0,50509000.0,-69362000.0,16963000.0,15.975437998771667
MRVL,2005-09-30,426026000.0,100386000.0,93046000.0,140092000.0,3217821000.0,419326000.0,32260000.0,253337000.0,464859000.0,112130000.0,92684000.0,-70978000.0,27859000.0,18.922584623098373
MRVL,2005-12-31,489016000.0,110606000.0,97483000.0,160138000.0,3513289000.0,467192000.0,41010000.0,245164000.0,348431000.0,82908000.0,58440000.0,121096000.0,8868000.0,22.053722684345548
MRVL,2006-03-31,521196000.0,83359000.0,75297000.0,123941000.0,3612176000.0,434839000.0,39593000.0,293536000.0,529389000.0,138355000.0,101164000.0,-348301000.0,93518000.0,26.596397246083907
MRVL,2006-06-30,573985000.0,55904000.0,44881000.0,101343000.0,3825912000.0,565552000.0,42164000.0,342780000.0,348315000.0,46683000.0,17735000.0,127302000.0,6973000.0,22.689097419617667
MRVL,2006-09-30,520398000.0,5662000.0,6046000.0,59873000.0,3902442000.0,589686000.0,43191000.0,294216000.0,839441000.0,168326000.0,119202000.0,-368090000.0,18690000.0,16.070497558230446
MRVL,2006-12-31,621974000.0,-137473000.0,-140585000.0,-77009000.0,4527700000.0,1300516000.0,429254000.0,328283000.0,568008000.0,131452000.0,80083000.0,362100000.0,-2426000.0,16.171799629453627
MRVL,2007-03-31,635050000.0,-38200000.0,-52828000.0,16994000.0,4456173000.0,1234854000.0,412343000.0,302199000.0,464498000.0,-9150000.0,-68434000.0,-666043000.0,403760000.0,16.192038973823923
MRVL,2007-06-30,656711000.0,-40023000.0,-56456000.0,16346000.0,4380502000.0,1153004000.0,410325000.0,376319000.0,404179000.0,54174000.0,3192000.0,-151891000.0,-5793000.0,14.429573271009655
MRVL,2007-09-30,758246000.0,-6439000.0,-6436000.0,51208000.0,4469144000.0,1162675000.0,404547000.0,386542000.0,455301000.0,-64958000.0,-95339000.0,3741000.0,898000.0,14.839684592352974
MRVL,2007-12-31,844686000.0,-20928000.0,1293000.0,68754000.0,4550594000.0,1139075000.0,397451000.0,342260000.0,615648000.0,24678000.0,5381000.0,-1451000.0,27895000.0,13.972790881991386
MRVL,2008-03-31,804075000.0,82472000.0,69939000.0,149529000.0,4609606000.0,1071873000.0,395326000.0,370172000.0,744084000.0,163458000.0,127481000.0,-35544000.0,32433000.0,9.741137223165545
MRVL,2008-06-30,842575000.0,79137000.0,71367000.0,139467000.0,4724085000.0,1017393000.0,294046000.0,483990000.0,859309000.0,130193000.0,99671000.0,-16855000.0,15098000.0,12.204209119081495
MRVL,2008-09-30,791046000.0,72846000.0,70946000.0,148339000.0,4750505000.0,919418000.0,192412000.0,397836000.0,1020007000.0,182884000.0,165624000.0,-17306000.0,-50353000.0,12.02057334035635
MRVL,2008-12-31,512867000.0,-69279000.0,-65010000.0,5593000.0,4414200000.0,585133000.0,127617000.0,222101000.0,927409000.0,258465000.0,244285000.0,-8792000.0,-88975000.0,5.63926474750042
MRVL,2009-03-31,521434000.0,-109279000.0,-111457000.0,-53620000.0,4441211000.0,695656000.0,3805000.0,285367000.0,1059205000.0,109143000.0,92662000.0,-21768000.0,-179973000.0,6.601690722293541
MRVL,2009-06-30,640600000.0,67549000.0,58500000.0,120714000.0,4642000000.0,784000000.0,3000000.0,328000000.0,1255000000.0,144529000.0,131815000.0,-12714000.0,-19000.0,9.45992498549204
MRVL,2009-09-30,803098000.0,170056000.0,201599000.0,219774000.0,4887720000.0,781420000.0,2912000.0,394319000.0,1047395000.0,182400000.0,175400000.0,-7000000.0,20200000.0,12.185456946492195
MRVL,2009-12-31,842500000.0,205789000.0,204800000.0,264580000.0,5171000000.0,753000000.0,2000000.0,357000000.0,1105000000.0,203534000.0,195905000.0,-424359000.0,13413000.0,14.154552087187769
MRVL,2010-03-31,855600000.0,208403000.0,205800000.0,250378000.0,5481000000.0,781000000.0,2000000.0,449000000.0,1352000000.0,281117000.0,253063000.0,-299991000.0,76907000.0,17.03142641411453
MRVL,2010-06-30,896474000.0,218064000.0,219777000.0,266304000.0,5867277000.0,884372000.0,1501000.0,490755000.0,1330152000.0,255591000.0,236946000.0,-57083000.0,48403000.0,16.71525970337883
MRVL,2010-09-30,959300000.0,259002000.0,255700000.0,302241000.0,6122000000.0,894000000.0,1000000.0,468000000.0,1643000000.0,319238000.0,291766000.0,-372778000.0,31353000.0,14.02824380993843
MRVL,2010-12-31,900500000.0,215723000.0,222900000.0,264425000.0,6338000000.0,816000000.0,0.0,459000000.0,1847000000.0,367886000.0,338087000.0,-11696000.0,-43448000.0,16.124584272503853
MRVL,2011-03-31,802402000.0,148113000.0,146861000.0,186464000.0,5692607000.0,789203000.0,0.0,425468000.0,782401000.0,250833000.0,213432000.0,-87772000.0,41119000.0,15.724726246249292
MRVL,2011-06-30,897500000.0,194640000.0,192400000.0,230275000.0,5829000000.0,802000000.0,0.0,406000000.0,863000000.0,177149000.0,156841000.0,-443020000.0,-798802000.0,12.83334739624508
MRVL,2011-09-30,950400000.0,191386000.0,195100000.0,230434000.0,5867000000.0,828000000.0,0.0,451000000.0,851000000.0,263413000.0,234861000.0,-83668000.0,-99181000.0,12.091027066111565
MRVL,2011-12-31,742700000.0,70007000.0,80700000.0,109824000.0,5768000000.0,754000000.0,0.0,407000000.0,785000000.0,261587000.0,238524000.0,-67176000.0,-206432000.0,12.116671637883265
MRVL,2012-03-31,796400000.0,93933000.0,94500000.0,130454000.0,5719000000.0,796000000.0,0.0,417000000.0,881000000.0,69098000.0,38419000.0,3811000.0,-138951000.0,13.360693977725122
MRVL,2012-06-30,816100000.0,90315000.0,93100000.0,130508000.0,5585000000.0,781000000.0,0.0,391000000.0,906000000.0,198673000.0,177724000.0,111176000.0,-214192000.0,11.548935965886193
MRVL,2012-09-30,780900000.0,66797000.0,68800000.0,104571000.0,5426000000.0,750000000.0,0.0,375000000.0,668000000.0,189192000.0,173955000.0,81290000.0,-244933000.0,9.211321671803791
MRVL,2012-12-31,775300000.0,43612000.0,50200000.0,88395000.0,5262000000.0,777000000.0,0.0,330000000.0,752000000.0,136577000.0,112986000.0,-146613000.0,-227888000.0,7.17522866495194
MRVL,2013-03-31,734400000.0,42881000.0,53200000.0,81652000.0,5121000000.0,769000000.0,0.0,370000000.0,594000000.0,204595000.0,161184000.0,132962000.0,-253788000.0,8.337503361701966
MRVL,2013-06-30,807100000.0,51977000.0,61800000.0,96535000.0,5204000000.0,812000000.0,0.0,431000000.0,592000000.0,83855000.0,57915000.0,442000.0,-241830000.0,9.52879023551941
MRVL,2013-09-30,931200000.0,95224000.0,103200000.0,133358000.0,5348000000.0,885000000.0,0.0,467000000.0,796000000.0,86496000.0,65765000.0,-23203000.0,-66058000.0,10.900355204939842
MRVL,2013-12-31,931700000.0,90609000.0,97100000.0,141413000.0,5451000000.0,775000000.0,0.0,453000000.0,946000000.0,177199000.0,156594000.0,104822000.0,-77346000.0,11.432434231042862
MRVL,2014-03-31,957800000.0,92987000.0,99500000.0,129080000.0,5683000000.0,913000000.0,0.0,517000000.0,1141000000.0,100489000.0,83525000.0,-7268000.0,76199000.0,13.627698069713157
MRVL,2014-06-30,961500000.0,120454000.0,138900000.0,162752000.0,5866000000.0,904000000.0,0.0,498000000.0,1333000000.0,235137000.0,210895000.0,-24261000.0,-35322000.0,13.77522074987018
MRVL,2014-09-30,930100000.0,115540000.0,115300000.0,150604000.0,5849000000.0,815000000.0,0.0,445000000.0,1184000000.0,156954000.0,139833000.0,19097000.0,15180000.0,12.373071253299711
MRVL,2014-12-31,857452000.0,79838000.0,81693000.0,118651000.0,5884387000.0,738298000.0,0.0,420955000.0,1210977000.0,194644000.0,172878000.0,-264867000.0,-78319000.0,12.253401920199394
MRVL,2015-03-31,724300000.0,13252000.0,14100000.0,48073000.0,5842000000.0,711000000.0,0.0,394000000.0,1039000000.0,142201000.0,125876000.0,-98913000.0,-16304000.0,14.321720779919234
MRVL,2015-06-30,710500000.0,-773187000.0,-771900000.0,-738156000.0,5666000000.0,1452000000.0,0.0,418000000.0,928000000.0,58868000.0,37688000.0,-166585000.0,-64529000.0,13.04261725289481
MRVL,2015-09-30,674890000.0,-59074000.0,-57750000.0,-20586000.0,5506524000.0,1395041000.0,0.0,380928000.0,897053000.0,26584000.0,7527000.0,29981000.0,-167766000.0,10.395842730998991
MRVL,2015-12-31,492800000.0,2270000.0,4200000.0,27447000.0,5442000000.0,1302000000.0,0.0,323000000.0,1039000000.0,66594000.0,56573000.0,-200000.0,-96871000.0,8.12663758546114
MRVL,2016-03-31,540822000.0,-29122000.0,-22679000.0,-1412000.0,4657121000.0,557303000.0,0.0,280658000.0,780222000.0,53306000.0,47833000.0,338494000.0,-10673000.0,8.532551984317967
MRVL,2016-06-30,597300000.0,39506000.0,51300000.0,80735000.0,4717000000.0,558000000.0,0.0,349000000.0,719000000.0,-609601000.0,-620193000.0,162353000.0,-50710000.0,9.319870561361313
MRVL,2016-09-30,623700000.0,82953000.0,72600000.0,118072000.0,4754000000.0,574000000.0,0.0,362000000.0,752000000.0,10859000.0,-10971000.0,-36933000.0,-35396000.0,10.994936093688011
MRVL,2016-12-31,566400000.0,6657000.0,-80100000.0,16848000.0,4649000000.0,621000000.0,0.0,335000000.0,814000000.0,121461000.0,107720000.0,-8082000.0,-80543000.0,12.821029466295998
MRVL,2017-03-31,572700000.0,98888000.0,106600000.0,133664000.0,4636000000.0,674000000.0,0.0,357000000.0,726000000.0,118846000.0,110190000.0,44257000.0,-100599000.0,14.544472002214
MRVL,2017-06-30,604800000.0,124363000.0,165300000.0,182909000.0,4587000000.0,613000000.0,0.0,372000000.0,631000000.0,135146000.0,124027000.0,-18307000.0,-204969000.0,15.32846879202222
MRVL,2017-09-30,616300000.0,149896000.0,200200000.0,229459000.0,4682000000.0,621000000.0,0.0,366000000.0,800000000.0,101252000.0,96624000.0,-12739000.0,-183974000.0,15.839559524778336
MRVL,2017-12-31,615400000.0,54011000.0,48800000.0,80076000.0,4708000000.0,567000000.0,0.0,280000000.0,888000000.0,214973000.0,200308000.0,94019000.0,-139394000.0,19.47008938259549
MRVL,2018-03-31,604600000.0,125079000.0,128600000.0,152987000.0,4864000000.0,579000000.0,0.0,330000000.0,1167000000.0,119742000.0,105016000.0,-23452000.0,-7907000.0,21.914851266829693
MRVL,2018-06-30,665300000.0,-8291000.0,6800000.0,45288000.0,10363000000.0,2698000000.0,1879000000.0,443000000.0,499000000.0,128774000.0,114826000.0,216699000.0,-66697000.0,20.48956647515297
MRVL,2018-09-30,851051000.0,-20510000.0,-53767000.0,95858000.0,10232025000.0,2656746000.0,1805734000.0,453775000.0,610261000.0,61935000.0,40231000.0,-1983418000.0,1252884000.0,19.78916313534691
MRVL,2018-12-31,744799000.0,-53008000.0,-260698000.0,68920000.0,10016752000.0,2710342000.0,1732699000.0,493122000.0,582410000.0,299394000.0,276830000.0,-1571000.0,-186221000.0,16.00614329746791
MRVL,2019-03-31,662452000.0,-21126000.0,-48450000.0,104064000.0,10048218000.0,2818086000.0,1684281000.0,470347000.0,571893000.0,106641000.0,77396000.0,15737000.0,-150229000.0,18.12030712502901
MRVL,2019-06-30,656568000.0,-46228000.0,-57331000.0,75560000.0,9981140000.0,2777328000.0,1685359000.0,452746000.0,573496000.0,165816000.0,145149000.0,-21009000.0,-155324000.0,22.711599168323332
MRVL,2019-09-30,662470000.0,-61509000.0,-82501000.0,73540000.0,10303262000.0,3137444000.0,2036441000.0,495216000.0,438369000.0,73140000.0,50092000.0,-23095000.0,-48442000.0,24.4472473859787
MRVL,2019-12-31,717671000.0,-114495000.0,1772673000.0,1155589000.0,11133235000.0,2454655000.0,1439024000.0,492346000.0,647604000.0,65503000.0,44347000.0,-481307000.0,280677000.0,24.762888193130493
MRVL,2020-03-31,693641000.0,-95996000.0,-113033000.0,72221000.0,10981529000.0,2445907000.0,1439852000.0,468760000.0,667548000.0,55838000.0,34076000.0,1084257000.0,-930860000.0,23.483922958374023
MRVL,2020-06-30,727297000.0,-151267000.0,-157893000.0,12054000.0,10926482000.0,2508945000.0,1440684000.0,483542000.0,831534000.0,175628000.0,136601000.0,-38362000.0,-117322000.0,28.75292248196072
MRVL,2020-09-30,750143000.0,-9390000.0,-22908000.0,148784000.0,10824772000.0,2435155000.0,1485699000.0,490271000.0,832041000.0,225830000.0,205210000.0,-20586000.0,-41258000.0,36.18038660287857
MRVL,2020-12-31,797819000.0,-1736000.0,16536000.0,155565000.0,10764924000.0,2329120000.0,1329689000.0,536668000.0,748467000.0,257534000.0,220463000.0,-37547000.0,-219480000.0,42.63397043943405
MRVL,2021-03-31,832279000.0,-82311000.0,-88242000.0,99610000.0,21229937000.0,6374567000.0,5088609000.0,694395000.0,522512000.0,158295000.0,135507000.0,-23149000.0,-218720000.0,48.3341715453101
MRVL,2021-06-30,1075881000.0,-266668000.0,-276428000.0,74748000.0,20838632000.0,6097435000.0,4889708000.0,785611000.0,559617000.0,-13727000.0,-38614000.0,-3624605000.0,3412377000.0,48.26320254613483
MRVL,2021-09-30,1211245000.0,-33341000.0,-62532000.0,318721000.0,22018842000.0,6332498000.0,4749241000.0,978261000.0,523502000.0,222107000.0,186675000.0,-38283000.0,-146719000.0,59.25946718454361
MRVL,2021-12-31,1342978000.0,34652000.0,6168000.0,408078000.0,22108597000.0,6406500000.0,4726477000.0,1048583000.0,613533000.0,264665000.0,185130000.0,-19152000.0,-281628000.0,73.90518987178802
MRVL,2022-03-31,1446900000.0,69800000.0,-165700000.0,423700000.0,22038700000.0,6573700000.0,4539400000.0,1191100000.0,465000000.0,346323000.0,299056000.0,-63090000.0,-193202000.0,71.33905644570628
MSFT,2003-03-31,7835000000.0,3715000000.0,2794000000.0,4543000000.0,74482000000.0,16200000000.0,0.0,4075000000.0,4300000000.0,4169000000.0,3987000000.0,-4207000000.0,-1211000000.0,15.48844123277508
MSFT,2003-06-30,8065000000.0,2193000000.0,1921000000.0,3339000000.0,79571000000.0,18551000000.0,0.0,5196000000.0,6438000000.0,2689000000.0,2416000000.0,-90000000.0,-483000000.0,15.661045301528205
MSFT,2003-09-30,8215000000.0,3148000000.0,2614000000.0,4229000000.0,84281000000.0,17601000000.0,0.0,4533000000.0,5768000000.0,3424000000.0,3257000000.0,-3748000000.0,-350000000.0,16.830912619829178
MSFT,2003-12-31,10153000000.0,1475000000.0,1549000000.0,2612000000.0,85937000000.0,16594000000.0,0.0,5608000000.0,6149000000.0,4574000000.0,4402000000.0,-1949000000.0,-2270000000.0,16.846619784832
MSFT,2004-03-31,9175000000.0,1278000000.0,1315000000.0,2528000000.0,89767000000.0,19187000000.0,0.0,4937000000.0,9348000000.0,4970000000.0,4757000000.0,-738000000.0,-1040000000.0,16.642014503479004
MSFT,2004-06-30,9292000000.0,3133000000.0,2690000000.0,4013000000.0,92389000000.0,17564000000.0,0.0,5890000000.0,15982000000.0,1658000000.0,1101000000.0,3690000000.0,1296000000.0,16.504973150068714
MSFT,2004-09-30,9189000000.0,3494000000.0,2528000000.0,3956000000.0,94268000000.0,18322000000.0,0.0,5106000000.0,11141000000.0,4007000000.0,3834000000.0,-8113000000.0,-738000000.0,17.287224650382996
MSFT,2004-12-31,10818000000.0,4749000000.0,3463000000.0,5277000000.0,64941000000.0,17709000000.0,0.0,6646000000.0,4556000000.0,3619000000.0,3443000000.0,23414000000.0,-33672000000.0,18.35003650188446
MSFT,2005-03-31,9620000000.0,3329000000.0,2563000000.0,4107000000.0,66275000000.0,18902000000.0,0.0,5610000000.0,3782000000.0,5003000000.0,4800000000.0,-1133000000.0,-2958000000.0,17.892972914898984
MSFT,2005-06-30,10161000000.0,2989000000.0,3700000000.0,4143000000.0,70815000000.0,22700000000.0,0.0,7180000000.0,4851000000.0,3976000000.0,3716000000.0,859000000.0,-3710000000.0,17.65348193049431
MSFT,2005-09-30,9741000000.0,4046000000.0,3141000000.0,4786000000.0,71462000000.0,23135000000.0,0.0,5799000000.0,2974000000.0,4329000000.0,4116000000.0,-3261000000.0,-2941000000.0,18.475189089775085
MSFT,2005-12-31,11837000000.0,4657000000.0,3653000000.0,5368000000.0,67257000000.0,23049000000.0,0.0,7758000000.0,4083000000.0,2231000000.0,1913000000.0,6692000000.0,-7802000000.0,18.64700153895787
MSFT,2006-03-31,10900000000.0,3888000000.0,2977000000.0,4492000000.0,66854000000.0,24816000000.0,0.0,6818000000.0,4351000000.0,4563000000.0,4261000000.0,833000000.0,-5135000000.0,19.13225490816178
MSFT,2006-06-30,11804000000.0,3881000000.0,2828000000.0,4519000000.0,69597000000.0,29493000000.0,0.0,9316000000.0,6714000000.0,3281000000.0,2536000000.0,3739000000.0,-4684000000.0,17.157743575080993
MSFT,2006-09-30,10811000000.0,4474000000.0,3478000000.0,5290000000.0,65354000000.0,29253000000.0,0.0,6879000000.0,9076000000.0,4061000000.0,3650000000.0,6461000000.0,-8175000000.0,17.79992545597137
MSFT,2006-12-31,12542000000.0,3472000000.0,2626000000.0,4170000000.0,66371000000.0,29737000000.0,0.0,9895000000.0,6859000000.0,2042000000.0,1470000000.0,-1958000000.0,-2323000000.0,20.753647910224068
MSFT,2007-03-31,14398000000.0,6589000000.0,4926000000.0,7416000000.0,63891000000.0,28918000000.0,0.0,8454000000.0,7611000000.0,7291000000.0,6830000000.0,511000000.0,-7063000000.0,20.88378140183746
MSFT,2007-06-30,13371000000.0,3989000000.0,3035000000.0,4665000000.0,63171000000.0,32074000000.0,0.0,11338000000.0,6111000000.0,4402000000.0,3582000000.0,1075000000.0,-6983000000.0,21.529985851711697
MSFT,2007-09-30,13762000000.0,5918000000.0,4289000000.0,6651000000.0,65645000000.0,33510000000.0,0.0,8982000000.0,6637000000.0,5878000000.0,5368000000.0,-2257000000.0,-3153000000.0,21.13759361751496
MSFT,2007-12-31,16367000000.0,6481000000.0,4707000000.0,7301000000.0,67339000000.0,32908000000.0,0.0,11621000000.0,7460000000.0,4567000000.0,3872000000.0,-1049000000.0,-2723000000.0,24.27121365070343
MSFT,2008-03-31,14454000000.0,4409000000.0,4388000000.0,5342000000.0,70747000000.0,33193000000.0,0.0,9871000000.0,11820000000.0,7082000000.0,6323000000.0,-778000000.0,-1986000000.0,21.948945749001425
MSFT,2008-06-30,15837000000.0,5684000000.0,4297000000.0,6576000000.0,72793000000.0,36507000000.0,0.0,13589000000.0,10339000000.0,4085000000.0,2867000000.0,-503000000.0,-5072000000.0,21.06984767317772
MSFT,2008-09-30,15061000000.0,5999000000.0,4373000000.0,6576000000.0,65117000000.0,31523000000.0,1975000000.0,9535000000.0,9004000000.0,3370000000.0,2592000000.0,595000000.0,-5244000000.0,19.422638684511185
MSFT,2008-12-31,16629000000.0,5939000000.0,4174000000.0,6270000000.0,65786000000.0,31308000000.0,2000000000.0,10953000000.0,8346000000.0,5782000000.0,4940000000.0,-2499000000.0,-3858000000.0,15.664004012942314
MSFT,2009-03-31,13648000000.0,4438000000.0,2977000000.0,4714000000.0,68853000000.0,31910000000.0,1999000000.0,9182000000.0,7285000000.0,6044000000.0,5412000000.0,-6009000000.0,-1060000000.0,13.3320107538192
MSFT,2009-06-30,13099000000.0,3987000000.0,3045000000.0,4823000000.0,77888000000.0,38330000000.0,5746000000.0,11192000000.0,6076000000.0,3841000000.0,2974000000.0,-7857000000.0,2699000000.0,15.566397848583405
MSFT,2009-09-30,12920000000.0,4482000000.0,3574000000.0,5411000000.0,81612000000.0,40400000000.0,5996000000.0,8587000000.0,8823000000.0,6107000000.0,5672000000.0,-1199000000.0,-2190000000.0,18.20829713344574
MSFT,2009-12-31,19022000000.0,8513000000.0,6662000000.0,9498000000.0,82096000000.0,37813000000.0,5995000000.0,11196000000.0,9422000000.0,4969000000.0,4593000000.0,-92000000.0,-4277000000.0,21.618723273277283
MSFT,2010-03-31,14503000000.0,5173000000.0,4006000000.0,6035000000.0,84910000000.0,39200000000.0,5995000000.0,9137000000.0,8155000000.0,7393000000.0,6985000000.0,-5904000000.0,-2726000000.0,22.201790137369123
MSFT,2010-06-30,16039000000.0,5930000000.0,4518000000.0,6742000000.0,86113000000.0,39938000000.0,5939000000.0,13014000000.0,5505000000.0,5604000000.0,4846000000.0,-4119000000.0,-4098000000.0,21.32360870119125
MSFT,2010-09-30,16195000000.0,7116000000.0,5410000000.0,7969000000.0,91540000000.0,44598000000.0,10665000000.0,9646000000.0,8161000000.0,8194000000.0,7630000000.0,-4957000000.0,-639000000.0,18.991106688976288
MSFT,2010-12-31,19953000000.0,8165000000.0,6634000000.0,9232000000.0,92306000000.0,43825000000.0,9671000000.0,12874000000.0,4023000000.0,4186000000.0,3695000000.0,-1570000000.0,-6751000000.0,20.287801772356037
MSFT,2011-03-31,16428000000.0,5709000000.0,5232000000.0,6829000000.0,99727000000.0,46275000000.0,11915000000.0,10033000000.0,7021000000.0,8672000000.0,8014000000.0,-7139000000.0,1437000000.0,20.92023175762545
MSFT,2011-06-30,17367000000.0,6171000000.0,5874000000.0,7102000000.0,108704000000.0,51621000000.0,11921000000.0,14987000000.0,9610000000.0,5942000000.0,5300000000.0,-950000000.0,-2423000000.0,19.55869480920216
MSFT,2011-09-30,17372000000.0,7203000000.0,5738000000.0,8126000000.0,107415000000.0,48024000000.0,11927000000.0,10153000000.0,12881000000.0,8493000000.0,8057000000.0,-2315000000.0,-2869000000.0,20.46942627429962
MSFT,2011-12-31,20885000000.0,7994000000.0,6624000000.0,9012000000.0,112243000000.0,48122000000.0,11932000000.0,13643000000.0,10610000000.0,5862000000.0,5364000000.0,-5568000000.0,-2513000000.0,20.614868890671502
MSFT,2012-03-31,17407000000.0,6374000000.0,5108000000.0,7129000000.0,118010000000.0,49351000000.0,11938000000.0,10961000000.0,6388000000.0,9594000000.0,8845000000.0,-12241000000.0,-1605000000.0,24.339370050737934
MSFT,2012-06-30,18059000000.0,192000000.0,-492000000.0,1156000000.0,121271000000.0,54908000000.0,11944000000.0,15780000000.0,6938000000.0,7677000000.0,7055000000.0,-4662000000.0,-2421000000.0,24.399091599479554
MSFT,2012-09-30,16008000000.0,5308000000.0,4466000000.0,6339000000.0,121876000000.0,53040000000.0,11950000000.0,9871000000.0,5036000000.0,8484000000.0,7881000000.0,-7719000000.0,-2714000000.0,24.430292916676358
MSFT,2012-12-31,21456000000.0,7771000000.0,6377000000.0,8884000000.0,128683000000.0,56107000000.0,14188000000.0,14317000000.0,6017000000.0,4780000000.0,3850000000.0,-2593000000.0,-1221000000.0,22.72288940798852
MSFT,2013-03-31,20489000000.0,7612000000.0,6055000000.0,8765000000.0,134105000000.0,57417000000.0,14195000000.0,11991000000.0,5240000000.0,9666000000.0,8736000000.0,-7660000000.0,-2744000000.0,22.67512582143148
MSFT,2013-06-30,19896000000.0,6073000000.0,4965000000.0,7248000000.0,142431000000.0,63487000000.0,15600000000.0,17486000000.0,3804000000.0,5903000000.0,4109000000.0,-5839000000.0,-1469000000.0,27.05148097872734
MSFT,2013-09-30,18529000000.0,6334000000.0,5244000000.0,7480000000.0,142348000000.0,60707000000.0,15932000000.0,11007000000.0,4023000000.0,8205000000.0,6974000000.0,-4614000000.0,-3396000000.0,27.35144114494324
MSFT,2013-12-31,24519000000.0,7969000000.0,6558000000.0,9274000000.0,153543000000.0,68443000000.0,22976000000.0,15986000000.0,10059000000.0,4413000000.0,2681000000.0,-1025000000.0,2615000000.0,30.406318813562397
MSFT,2014-03-31,20403000000.0,6974000000.0,5660000000.0,8387000000.0,156119000000.0,68695000000.0,22679000000.0,13497000000.0,11572000000.0,10099000000.0,8907000000.0,-4284000000.0,-4304000000.0,31.66798976210297
MSFT,2014-06-30,23382000000.0,6482000000.0,4612000000.0,8488000000.0,172384000000.0,82600000000.0,22645000000.0,19544000000.0,8669000000.0,9514000000.0,8184000000.0,-8910000000.0,-3309000000.0,34.403760395352805
MSFT,2014-09-30,23201000000.0,5844000000.0,4540000000.0,7485000000.0,169656000000.0,79486000000.0,23720000000.0,12887000000.0,6302000000.0,8354000000.0,7072000000.0,-7737000000.0,-2978000000.0,38.15470224618912
MSFT,2014-12-31,26470000000.0,7776000000.0,5863000000.0,9533000000.0,174848000000.0,82969000000.0,28308000000.0,16186000000.0,6426000000.0,4340000000.0,2850000000.0,-4716000000.0,534000000.0,40.39896738529205
MSFT,2015-03-31,21729000000.0,6594000000.0,4985000000.0,8243000000.0,176683000000.0,86551000000.0,31868000000.0,12427000000.0,7414000000.0,9570000000.0,8179000000.0,-5481000000.0,-3065000000.0,37.72685623168945
MSFT,2015-06-30,22180000000.0,-2053000000.0,-3195000000.0,-16000000.0,176223000000.0,96140000000.0,35292000000.0,17908000000.0,5595000000.0,6816000000.0,5035000000.0,-5067000000.0,-3571000000.0,39.806229485405815
MSFT,2015-09-30,20379000000.0,5793000000.0,4620000000.0,7223000000.0,172896000000.0,95451000000.0,38567000000.0,11444000000.0,5431000000.0,8594000000.0,7238000000.0,-5066000000.0,-3648000000.0,39.42766839265824
MSFT,2015-12-31,23796000000.0,6026000000.0,4998000000.0,7708000000.0,180098000000.0,103318000000.0,44429000000.0,14507000000.0,7185000000.0,5598000000.0,3574000000.0,-3328000000.0,-498000000.0,46.52297192811966
MSFT,2016-03-31,20531000000.0,5283000000.0,3756000000.0,7083000000.0,181869000000.0,107063000000.0,46394000000.0,12247000000.0,7170000000.0,10367000000.0,8059000000.0,-5483000000.0,-4916000000.0,46.67607035402392
MSFT,2016-06-30,20614000000.0,3080000000.0,3122000000.0,5602000000.0,193694000000.0,121697000000.0,53687000000.0,18277000000.0,6510000000.0,8464000000.0,5809000000.0,-10073000000.0,971000000.0,46.58443468809128
MSFT,2016-09-30,20453000000.0,5225000000.0,4690000000.0,7578000000.0,212524000000.0,142152000000.0,74690000000.0,11129000000.0,13928000000.0,11549000000.0,9386000000.0,-18470000000.0,14329000000.0,50.94846487045288
MSFT,2016-12-31,24090000000.0,6177000000.0,5200000000.0,9050000000.0,224610000000.0,155801000000.0,84970000000.0,14343000000.0,8468000000.0,6293000000.0,4305000000.0,-14751000000.0,3016000000.0,54.63918316553509
MSFT,2017-03-31,22090000000.0,5594000000.0,4801000000.0,8978000000.0,225017000000.0,155288000000.0,84008000000.0,12882000000.0,6713000000.0,10660000000.0,8965000000.0,-6191000000.0,-6236000000.0,58.59638004918252
MSFT,2017-06-30,23317000000.0,5330000000.0,6513000000.0,8543000000.0,241086000000.0,168692000000.0,86194000000.0,19792000000.0,7663000000.0,11005000000.0,8722000000.0,-7369000000.0,-2701000000.0,63.13560522170294
MSFT,2017-09-30,24538000000.0,7708000000.0,6576000000.0,11155000000.0,249097000000.0,159450000000.0,91243000000.0,14561000000.0,6884000000.0,12440000000.0,10308000000.0,-6904000000.0,-6341000000.0,67.54901964702303
MSFT,2017-12-31,28918000000.0,8679000000.0,-6302000000.0,12403000000.0,256003000000.0,177643000000.0,94900000000.0,18428000000.0,12859000000.0,7875000000.0,5289000000.0,-331000000.0,-1552000000.0,76.24005187503876
MSFT,2018-03-31,26819000000.0,8292000000.0,7424000000.0,12042000000.0,245497000000.0,166258000000.0,82908000000.0,17208000000.0,9221000000.0,12151000000.0,9217000000.0,3844000000.0,-19658000000.0,85.41197292140272
MSFT,2018-06-30,30085000000.0,10379000000.0,8873000000.0,13868000000.0,258848000000.0,176130000000.0,81808000000.0,26481000000.0,11946000000.0,11418000000.0,7438000000.0,-2670000000.0,-6039000000.0,90.92840576171876
MSFT,2018-09-30,29084000000.0,9955000000.0,8824000000.0,13732000000.0,257619000000.0,171652000000.0,81882000000.0,17390000000.0,15137000000.0,13657000000.0,10055000000.0,-2953000000.0,-7384000000.0,102.12291620648097
MSFT,2018-12-31,32471000000.0,10258000000.0,8420000000.0,14052000000.0,258859000000.0,166731000000.0,78852000000.0,19680000000.0,6638000000.0,8900000000.0,5193000000.0,-4200000000.0,-13216000000.0,101.30672442723834
MSFT,2019-03-31,30571000000.0,10341000000.0,8809000000.0,14083000000.0,263281000000.0,168417000000.0,79072000000.0,19269000000.0,11212000000.0,13520000000.0,10955000000.0,-1363000000.0,-7601000000.0,103.62453910952708
MSFT,2019-06-30,33717000000.0,12405000000.0,13187000000.0,16189000000.0,286556000000.0,184226000000.0,78366000000.0,29524000000.0,11356000000.0,16108000000.0,12057000000.0,-7257000000.0,-8686000000.0,121.0803462437221
MSFT,2019-09-30,33055000000.0,12686000000.0,10678000000.0,16294000000.0,278955000000.0,172894000000.0,76154000000.0,19087000000.0,13117000000.0,13818000000.0,10433000000.0,-1776000000.0,-10209000000.0,131.6077846288681
MSFT,2019-12-31,36906000000.0,13891000000.0,11649000000.0,17942000000.0,282794000000.0,172685000000.0,76780000000.0,23525000000.0,8864000000.0,10680000000.0,7135000000.0,-6036000000.0,-8915000000.0,141.0420162677765
MSFT,2020-03-31,35021000000.0,12975000000.0,10752000000.0,16575000000.0,285449000000.0,170948000000.0,73858000000.0,22699000000.0,11710000000.0,17504000000.0,13737000000.0,51000000.0,-14645000000.0,158.37749604255922
MSFT,2020-06-30,38033000000.0,13407000000.0,11202000000.0,17612000000.0,301311000000.0,183007000000.0,70998000000.0,32011000000.0,13576000000.0,18673000000.0,13929000000.0,-4462000000.0,-12262000000.0,175.31368752131385
MSFT,2020-09-30,37154000000.0,15876000000.0,13893000000.0,19358000000.0,301001000000.0,177609000000.0,71305000000.0,22851000000.0,17205000000.0,19335000000.0,14428000000.0,-5371000000.0,-10289000000.0,203.3707230091095
MSFT,2020-12-31,43076000000.0,17897000000.0,15463000000.0,21669000000.0,304137000000.0,173901000000.0,69398000000.0,27312000000.0,14432000000.0,12516000000.0,8342000000.0,-1669000000.0,-13634000000.0,208.72604417800903
MSFT,2021-03-31,41706000000.0,17048000000.0,15457000000.0,20805000000.0,308879000000.0,174374000000.0,67330000000.0,26322000000.0,13702000000.0,22179000000.0,17090000000.0,-9684000000.0,-13192000000.0,225.80291422859568
MSFT,2021-06-30,46152000000.0,19095000000.0,16458000000.0,23302000000.0,333779000000.0,191791000000.0,67775000000.0,38043000000.0,11748000000.0,22710000000.0,16258000000.0,-10853000000.0,-11371000000.0,247.9212120903863
MSFT,2021-09-30,45317000000.0,20238000000.0,20505000000.0,24275000000.0,335418000000.0,183440000000.0,63338000000.0,27349000000.0,16845000000.0,24540000000.0,18730000000.0,-3250000000.0,-16276000000.0,284.3937373161316
MSFT,2021-12-31,51728000000.0,22247000000.0,18765000000.0,26536000000.0,340389000000.0,180379000000.0,64032000000.0,33520000000.0,20604000000.0,14480000000.0,8615000000.0,-1161000000.0,-11986000000.0,317.4991145133972
MSFT,2022-03-31,49360000000.0,20364000000.0,16728000000.0,24466000000.0,344607000000.0,181683000000.0,61283000000.0,32613000000.0,12498000000.0,25386000000.0,20046000000.0,-16171000000.0,-17345000000.0,295.1947666291268
MU,2003-03-31,785000000.0,-600600000.0,-619200000.0,-291400000.0,7336000000.0,1977000000.0,1140000000.0,483000000.0,915000000.0,25600000.0,-193700000.0,-48700000.0,536900000.0,8.216260870949167
MU,2003-06-30,732700000.0,-183700000.0,-214900000.0,110000000.0,7143000000.0,1991000000.0,1097000000.0,496000000.0,680000000.0,47000000.0,-81300000.0,-213400000.0,-68900000.0,10.206359492407906
MU,2003-09-30,888500000.0,-105600000.0,-123200000.0,185700000.0,7158000000.0,2121000000.0,1086000000.0,643000000.0,570000000.0,111900000.0,-35600000.0,-196900000.0,-24500000.0,13.682884812355042
MU,2003-12-31,1107200000.0,21700000.0,1100000.0,329100000.0,7552000000.0,2123000000.0,1070000000.0,724000000.0,488000000.0,255200000.0,-5400000.0,-603300000.0,266100000.0,12.842508256435394
MU,2004-03-31,991000000.0,-7100000.0,-28300000.0,284800000.0,7526000000.0,2120000000.0,1132000000.0,711000000.0,509000000.0,231100000.0,23200000.0,-158100000.0,-52100000.0,15.206444755677254
MU,2004-06-30,1116800000.0,109700000.0,90900000.0,405000000.0,7638000000.0,2128000000.0,1108000000.0,770000000.0,329000000.0,257300000.0,-13900000.0,-369100000.0,-68300000.0,14.595034783886325
MU,2004-09-30,1189200000.0,125400000.0,93500000.0,430600000.0,7760000000.0,2145000000.0,1099000000.0,774000000.0,486000000.0,415200000.0,74200000.0,-182200000.0,-76000000.0,12.345593944191933
MU,2004-12-31,1260300000.0,174900000.0,154900000.0,482800000.0,7893000000.0,2113000000.0,1084000000.0,861000000.0,321000000.0,291400000.0,-68000000.0,-350100000.0,-106600000.0,11.566352143883703
MU,2005-03-31,1307900000.0,126400000.0,117900000.0,438700000.0,8079000000.0,2170000000.0,1193000000.0,938000000.0,360000000.0,308400000.0,-2800000.0,-350100000.0,80400000.0,10.76726300599145
MU,2005-06-30,1054200000.0,-130100000.0,-127900000.0,183500000.0,8086000000.0,2295000000.0,1294000000.0,735000000.0,470000000.0,333600000.0,82600000.0,-304400000.0,81600000.0,10.133057996630669
MU,2005-09-30,1257800000.0,46300000.0,43100000.0,358100000.0,8006000000.0,2160000000.0,1167000000.0,794000000.0,525000000.0,304400000.0,161200000.0,-79300000.0,-170900000.0,11.600606441497805
MU,2005-12-31,1361800000.0,62400000.0,62600000.0,366200000.0,8010000000.0,2086000000.0,1107000000.0,805000000.0,661000000.0,425200000.0,156500000.0,-219300000.0,-69300000.0,13.264350694323342
MU,2006-03-31,1225000000.0,187000000.0,193200000.0,492100000.0,9377000000.0,2423000000.0,461000000.0,927000000.0,1536000000.0,879800000.0,693500000.0,-474700000.0,469300000.0,14.819873855959983
MU,2006-06-30,1312300000.0,47400000.0,88500000.0,436200000.0,10301000000.0,3214000000.0,519000000.0,806000000.0,1468000000.0,383700000.0,48600000.0,-319400000.0,-132100000.0,15.75059725746276
MU,2006-09-30,1372900000.0,53000000.0,63700000.0,412500000.0,12221000000.0,2539000000.0,571000000.0,956000000.0,1431000000.0,330300000.0,-244600000.0,-742600000.0,376100000.0,15.978889238266715
MU,2006-12-31,1530000000.0,110000000.0,115000000.0,504000000.0,13076000000.0,2815000000.0,568000000.0,996000000.0,1303000000.0,429000000.0,-670000000.0,-768000000.0,211000000.0,14.345422699337911
MU,2007-03-31,1427000000.0,-34000000.0,-52000000.0,374000000.0,13376000000.0,5127000000.0,822000000.0,943000000.0,1566000000.0,287000000.0,-794000000.0,-427000000.0,403000000.0,12.283134366645188
MU,2007-06-30,1294000000.0,-195000000.0,-225000000.0,228000000.0,14417000000.0,4203000000.0,2324000000.0,839000000.0,2667000000.0,77000000.0,-594000000.0,-318000000.0,1342000000.0,11.722169421968006
MU,2007-09-30,1437000000.0,-161000000.0,-158000000.0,322000000.0,14818000000.0,7066000000.0,2410000000.0,994000000.0,2192000000.0,144000000.0,-608000000.0,-878000000.0,259000000.0,11.715927578154064
MU,2007-12-31,1535000000.0,-260000000.0,-262000000.0,249000000.0,14498000000.0,6997000000.0,2217000000.0,1067000000.0,1880000000.0,276000000.0,-489000000.0,-406000000.0,-182000000.0,9.121257476508616
MU,2008-03-31,1359000000.0,-772000000.0,-777000000.0,-270000000.0,13785000000.0,7047000000.0,2406000000.0,894000000.0,1708000000.0,282000000.0,-259000000.0,-519000000.0,65000000.0,6.597408271226727
MU,2008-06-30,1498000000.0,-21000000.0,-236000000.0,264000000.0,13616000000.0,4297000000.0,2421000000.0,0.0,1474000000.0,217000000.0,-286000000.0,-364000000.0,-87000000.0,7.510702155530453
MU,2008-09-30,1449000000.0,-338000000.0,-344000000.0,226000000.0,13430000000.0,7252000000.0,2726000000.0,1032000000.0,1243000000.0,243000000.0,-477000000.0,-803000000.0,329000000.0,4.771913398057222
MU,2008-12-31,1402000000.0,-672000000.0,-718000000.0,-111000000.0,12676000000.0,7192000000.0,2866000000.0,1031000000.0,1025000000.0,359000000.0,89000000.0,-489000000.0,-88000000.0,3.136473849415779
MU,2009-03-31,993000000.0,-708000000.0,-763000000.0,-218000000.0,11526000000.0,6784000000.0,2895000000.0,654000000.0,932000000.0,339000000.0,234000000.0,-129000000.0,-303000000.0,3.397092358010714
MU,2009-06-30,1106000000.0,-246000000.0,-301000000.0,246000000.0,11664000000.0,6967000000.0,3124000000.0,750000000.0,1306000000.0,151000000.0,87000000.0,-63000000.0,286000000.0,4.8176976764012895
MU,2009-09-30,1302000000.0,-49000000.0,-100000000.0,411000000.0,11459000000.0,6506000000.0,2803000000.0,798000000.0,1485000000.0,357000000.0,308000000.0,7000000.0,-185000000.0,6.716868087649345
MU,2009-12-31,1740000000.0,201000000.0,204000000.0,735000000.0,11726000000.0,6531000000.0,2761000000.0,1091000000.0,1565000000.0,326000000.0,264000000.0,-25000000.0,-221000000.0,7.987187042832375
MU,2010-03-31,1961000000.0,415000000.0,365000000.0,901000000.0,11952000000.0,6350000000.0,2719000000.0,1072000000.0,1870000000.0,804000000.0,711000000.0,-238000000.0,-261000000.0,9.545669993416208
MU,2010-06-30,2288000000.0,540000000.0,939000000.0,1439000000.0,14377000000.0,6697000000.0,2369000000.0,1568000000.0,2313000000.0,889000000.0,775000000.0,44000000.0,-490000000.0,9.47685450599307
MU,2010-09-30,2493000000.0,433000000.0,342000000.0,939000000.0,14693000000.0,6673000000.0,2360000000.0,1531000000.0,2913000000.0,1077000000.0,730000000.0,-229000000.0,-248000000.0,7.386742435395718
MU,2010-12-31,2252000000.0,390000000.0,155000000.0,758000000.0,14617000000.0,6391000000.0,1816000000.0,1362000000.0,2411000000.0,732000000.0,267000000.0,-436000000.0,-798000000.0,7.628978468477726
MU,2011-03-31,2257000000.0,179000000.0,72000000.0,621000000.0,14398000000.0,5936000000.0,1740000000.0,1393000000.0,1215000000.0,809000000.0,85000000.0,-802000000.0,-234000000.0,10.331655302355369
MU,2011-06-30,2139000000.0,237000000.0,75000000.0,754000000.0,14570000000.0,5987000000.0,1572000000.0,1495000000.0,1602000000.0,589000000.0,96000000.0,-134000000.0,-244000000.0,9.675342151096888
MU,2011-09-30,2140000000.0,-51000000.0,-135000000.0,466000000.0,14752000000.0,6282000000.0,2001000000.0,1497000000.0,2160000000.0,354000000.0,-514000000.0,-829000000.0,240000000.0,6.52762595564127
MU,2011-12-31,2090000000.0,-82000000.0,-187000000.0,410000000.0,14211000000.0,5940000000.0,2119000000.0,1383000000.0,1915000000.0,404000000.0,-293000000.0,-714000000.0,65000000.0,5.564211217183916
MU,2012-03-31,2009000000.0,-205000000.0,-282000000.0,331000000.0,14139000000.0,6153000000.0,2315000000.0,1241000000.0,2094000000.0,574000000.0,182000000.0,-469000000.0,74000000.0,7.883795538256245
MU,2012-06-30,2172000000.0,-191000000.0,-320000000.0,223000000.0,14316000000.0,5830000000.0,3198000000.0,1333000000.0,2191000000.0,686000000.0,408000000.0,-797000000.0,208000000.0,6.216630572364444
MU,2012-09-30,1963000000.0,-140000000.0,-243000000.0,307000000.0,14328000000.0,6628000000.0,3262000000.0,1289000000.0,2459000000.0,450000000.0,118000000.0,-332000000.0,150000000.0,6.213665780566988
MU,2012-12-31,1834000000.0,-157000000.0,-275000000.0,252000000.0,14067000000.0,6598000000.0,3435000000.0,1139000000.0,2102000000.0,236000000.0,-198000000.0,-639000000.0,46000000.0,5.831703170653312
MU,2013-03-31,2078000000.0,-23000000.0,-286000000.0,216000000.0,13912000000.0,5952000000.0,3651000000.0,1226000000.0,2061000000.0,234000000.0,-93000000.0,-360000000.0,85000000.0,8.101694790522258
MU,2013-06-30,2318000000.0,149000000.0,43000000.0,538000000.0,14055000000.0,6727000000.0,3624000000.0,1503000000.0,2440000000.0,624000000.0,421000000.0,-171000000.0,-74000000.0,10.89494203031063
MU,2013-09-30,2843000000.0,207000000.0,1708000000.0,2227000000.0,19118000000.0,9976000000.0,6037000000.0,2329000000.0,2880000000.0,717000000.0,437000000.0,-542000000.0,265000000.0,14.255680292844772
MU,2013-12-31,4042000000.0,551000000.0,358000000.0,1030000000.0,19794000000.0,10575000000.0,5803000000.0,2833000000.0,3654000000.0,1507000000.0,981000000.0,21000000.0,-735000000.0,19.11054092645645
MU,2014-03-31,4107000000.0,869000000.0,731000000.0,1394000000.0,20615000000.0,11331000000.0,6638000000.0,2825000000.0,4305000000.0,1390000000.0,885000000.0,-472000000.0,-271000000.0,23.354505945424563
MU,2014-06-30,3982000000.0,839000000.0,806000000.0,1500000000.0,20495000000.0,10555000000.0,5733000000.0,2715000000.0,4062000000.0,1455000000.0,968000000.0,-472000000.0,-1228000000.0,26.80614768134223
MU,2014-09-30,4227000000.0,828000000.0,1150000000.0,1704000000.0,22498000000.0,11727000000.0,6650000000.0,2906000000.0,4150000000.0,1347000000.0,207000000.0,-1530000000.0,286000000.0,31.834311932325363
MU,2014-12-31,4573000000.0,1085000000.0,1003000000.0,1811000000.0,22542000000.0,10864000000.0,5829000000.0,2663000000.0,3764000000.0,1592000000.0,923000000.0,-1076000000.0,-806000000.0,32.54734852910042
MU,2015-03-31,4166000000.0,855000000.0,934000000.0,1705000000.0,23818000000.0,11392000000.0,6769000000.0,2761000000.0,3547000000.0,1251000000.0,398000000.0,-2126000000.0,662000000.0,29.38334180487961
MU,2015-06-30,3853000000.0,631000000.0,491000000.0,1365000000.0,25136000000.0,12678000000.0,7599000000.0,2530000000.0,3694000000.0,1335000000.0,601000000.0,-1520000000.0,359000000.0,26.205846483745272
MU,2015-09-30,3600000000.0,427000000.0,471000000.0,1213000000.0,24143000000.0,11841000000.0,7390000000.0,2507000000.0,2287000000.0,1030000000.0,-735000000.0,-1510000000.0,-933000000.0,16.904916912317276
MU,2015-12-31,3350000000.0,232000000.0,206000000.0,1035000000.0,24388000000.0,12087000000.0,7419000000.0,2223000000.0,2605000000.0,1120000000.0,130000000.0,-660000000.0,-140000000.0,15.713398069143295
MU,2016-03-31,2934000000.0,-5000000.0,-97000000.0,779000000.0,24819000000.0,12555000000.0,7658000000.0,1980000000.0,3078000000.0,763000000.0,-456000000.0,-366000000.0,72000000.0,10.985796037267466
MU,2016-06-30,2898000000.0,-27000000.0,-215000000.0,664000000.0,27001000000.0,14814000000.0,9631000000.0,2058000000.0,4627000000.0,389000000.0,-1296000000.0,-616000000.0,1771000000.0,11.172661140561104
MU,2016-09-30,3217000000.0,-32000000.0,-170000000.0,682000000.0,27540000000.0,15460000000.0,9910000000.0,2068000000.0,4140000000.0,896000000.0,-1027000000.0,-1426000000.0,42000000.0,14.99728861451149
MU,2016-12-31,3970000000.0,359000000.0,180000000.0,1121000000.0,27836000000.0,15516000000.0,9676000000.0,2453000000.0,4139000000.0,1138000000.0,-126000000.0,-890000000.0,-212000000.0,18.466384009709436
MU,2017-03-31,4648000000.0,1044000000.0,894000000.0,2096000000.0,32355000000.0,18068000000.0,12453000000.0,2891000000.0,3633000000.0,1405000000.0,241000000.0,-4476000000.0,2553000000.0,24.009257931863107
MU,2017-06-30,5566000000.0,1963000000.0,1647000000.0,2913000000.0,33267000000.0,17096000000.0,11671000000.0,3497000000.0,4048000000.0,2407000000.0,1366000000.0,-873000000.0,-1134000000.0,28.76824273003472
MU,2017-09-30,6138000000.0,2502000000.0,2368000000.0,3535000000.0,35336000000.0,15866000000.0,9965000000.0,3759000000.0,5109000000.0,3203000000.0,1938000000.0,-1298000000.0,-858000000.0,31.085182189941406
MU,2017-12-31,6803000000.0,3097000000.0,2678000000.0,4006000000.0,37191000000.0,13798000000.0,7950000000.0,3876000000.0,6008000000.0,3636000000.0,1680000000.0,-1434000000.0,-1282000000.0,42.347801692902095
MU,2018-03-31,7351000000.0,3567000000.0,3309000000.0,4560000000.0,41263000000.0,15566000000.0,9330000000.0,4373000000.0,7828000000.0,4348000000.0,2087000000.0,-2409000000.0,-138000000.0,47.05744108606557
MU,2018-06-30,7797000000.0,3953000000.0,3823000000.0,5027000000.0,41845000000.0,12327000000.0,6398000000.0,4912000000.0,6808000000.0,4261000000.0,1850000000.0,-2244000000.0,-3023000000.0,53.168447613716125
MU,2018-09-30,8440000000.0,4377000000.0,4325000000.0,5763000000.0,43376000000.0,11082000000.0,4639000000.0,5478000000.0,6506000000.0,5155000000.0,2904000000.0,-2129000000.0,-3333000000.0,49.58402330913241
MU,2018-12-31,7913000000.0,3759000000.0,3293000000.0,5091000000.0,44595000000.0,10726000000.0,4134000000.0,5418000000.0,4447000000.0,4810000000.0,2110000000.0,-4427000000.0,-2435000000.0,37.26888674781436
MU,2019-03-31,5835000000.0,1957000000.0,1619000000.0,3239000000.0,47487000000.0,12057000000.0,5524000000.0,4416000000.0,6353000000.0,3435000000.0,786000000.0,-2492000000.0,952000000.0,37.97881245222248
MU,2019-06-30,4788000000.0,1010000000.0,840000000.0,2136000000.0,46288000000.0,10965000000.0,4910000000.0,3257000000.0,5157000000.0,2711000000.0,308000000.0,-2066000000.0,-1847000000.0,37.45676352485778
MU,2019-09-30,4870000000.0,650000000.0,561000000.0,2088000000.0,48887000000.0,13006000000.0,5851000000.0,3195000000.0,7152000000.0,2233000000.0,205000000.0,-1100000000.0,892000000.0,44.44979041814804
MU,2019-12-31,5144000000.0,518000000.0,491000000.0,1889000000.0,49649000000.0,13149000000.0,5699000000.0,3413000000.0,6969000000.0,2011000000.0,68000000.0,-1189000000.0,-992000000.0,46.94526880979538
MU,2020-03-31,4797000000.0,440000000.0,405000000.0,1837000000.0,49648000000.0,12625000000.0,5736000000.0,3048000000.0,7118000000.0,2001000000.0,-55000000.0,-1710000000.0,-215000000.0,51.116950188913655
MU,2020-06-30,5438000000.0,888000000.0,803000000.0,2344000000.0,52005000000.0,14185000000.0,7226000000.0,3603000000.0,8267000000.0,2023000000.0,79000000.0,-1952000000.0,1072000000.0,46.35329170832559
MU,2020-09-30,6056000000.0,1157000000.0,988000000.0,2741000000.0,53678000000.0,14682000000.0,7176000000.0,3912000000.0,7624000000.0,2271000000.0,-9000000.0,-2738000000.0,-182000000.0,47.58119535446167
MU,2020-12-31,5773000000.0,866000000.0,803000000.0,2389000000.0,53691000000.0,13784000000.0,7158000000.0,3691000000.0,5985000000.0,1967000000.0,-771000000.0,-3418000000.0,-214000000.0,59.28072535991669
MU,2021-03-31,6236000000.0,663000000.0,603000000.0,2242000000.0,54135000000.0,13472000000.0,7148000000.0,3353000000.0,6507000000.0,3057000000.0,39000000.0,-2556000000.0,5000000.0,83.4006383927142
MU,2021-06-30,7422000000.0,1799000000.0,1735000000.0,3403000000.0,55943000000.0,13684000000.0,7228000000.0,4231000000.0,7759000000.0,3560000000.0,1301000000.0,-2081000000.0,-228000000.0,82.97974589514354
MU,2021-09-30,8274000000.0,2955000000.0,2720000000.0,4618000000.0,58849000000.0,14916000000.0,7280000000.0,5311000000.0,7763000000.0,3884000000.0,1869000000.0,-2534000000.0,-1344000000.0,73.82071781158447
MU,2021-12-31,7687000000.0,2631000000.0,2306000000.0,4241000000.0,61246000000.0,15338000000.0,7545000000.0,5250000000.0,8680000000.0,3938000000.0,673000000.0,-2485000000.0,-513000000.0,76.86956644058228
MU,2022-03-31,7786000000.0,2546000000.0,2263000000.0,4315000000.0,63696000000.0,15851000000.0,7611000000.0,5384000000.0,9116000000.0,3628000000.0,1017000000.0,-2691000000.0,-466000000.0,84.0161028215962
NVDA,2003-03-31,405000000.0,26300000.0,19700000.0,44200000.0,1688000000.0,727000000.0,310203000.0,156000000.0,279000000.0,124325000.0,114385000.0,-99482000.0,-384000.0,0.922001374549553
NVDA,2003-06-30,459800000.0,24600000.0,24200000.0,46300000.0,1780000000.0,784000000.0,310528000.0,190000000.0,274000000.0,40428000.0,14836000.0,-115058000.0,6432000.0,1.4802174776319474
NVDA,2003-09-30,486100000.0,2300000.0,6400000.0,28400000.0,1459000000.0,449000000.0,8788000.0,158000000.0,232000000.0,18814000.0,-47457000.0,-33961000.0,10648000.0,1.5041008777916431
NVDA,2003-12-31,472100000.0,23800000.0,24200000.0,49800000.0,1399000000.0,348000000.0,5015000.0,197000000.0,214000000.0,-8615000.0,-32000000.0,257956000.0,-291825000.0,1.4878569431602957
NVDA,2004-03-31,471900000.0,23880000.0,21300000.0,50012000.0,1458000000.0,372000000.0,3000000.0,205000000.0,197000000.0,-949000.0,-13305000.0,-20896000.0,4454000.0,1.7720699906349182
NVDA,2004-06-30,456100000.0,3799000.0,5100000.0,30474000.0,1481000000.0,386000000.0,2000000.0,246000000.0,181000000.0,61486000.0,42887000.0,-92931000.0,13698000.0,1.7001653832774009
NVDA,2004-09-30,515600000.0,28758000.0,25900000.0,56426000.0,1540000000.0,431000000.0,1000000.0,307000000.0,157000000.0,-28891000.0,-45519000.0,9539000.0,3256000.0,1.0702814273536203
NVDA,2004-12-31,566500000.0,57156000.0,48000000.0,91085000.0,1664000000.0,442000000.0,1000000.0,296000000.0,209000000.0,434000.0,-13623000.0,-10040000.0,-14286000.0,1.4045114517211914
NVDA,2005-03-31,583800000.0,76182000.0,65500000.0,108093000.0,1635000000.0,405000000.0,0.0,255000000.0,281000000.0,99171000.0,81194000.0,-58521000.0,11175000.0,1.883238853001204
NVDA,2005-06-30,574812000.0,80037000.0,74837000.0,110030000.0,1728218000.0,452985000.0,0.0,355393000.0,242170000.0,89579000.0,76075000.0,-4611000.0,-12476000.0,1.907761536538601
NVDA,2005-09-30,583400000.0,71536000.0,64400000.0,100222000.0,1806000000.0,456000000.0,0.0,352000000.0,364000000.0,47347000.0,18162000.0,-55678000.0,-30503000.0,2.260935014113784
NVDA,2005-12-31,633600000.0,112342000.0,97400000.0,138888000.0,1955000000.0,459000000.0,0.0,318000000.0,552000000.0,84099000.0,70633000.0,29205000.0,8834000.0,2.668730406534104
NVDA,2006-03-31,681807000.0,100685000.0,90676000.0,133279000.0,2161453000.0,552802000.0,0.0,391270000.0,487763000.0,225383000.0,201938000.0,-10703000.0,-27232000.0,3.555347419554187
NVDA,2006-06-30,687500000.0,95816000.0,86800000.0,128808000.0,2184000000.0,529000000.0,0.0,460000000.0,388000000.0,50396000.0,29729000.0,-157514000.0,43125000.0,3.932399212367951
NVDA,2006-09-30,820600000.0,117613000.0,106500000.0,153331000.0,2531000000.0,685000000.0,0.0,439000000.0,742000000.0,17002000.0,-3109000.0,-15031000.0,-101311000.0,3.801586586331564
NVDA,2006-12-31,878900000.0,138514000.0,163500000.0,185892000.0,2675000000.0,668000000.0,0.0,519000000.0,544000000.0,289318000.0,260532000.0,3631000.0,60374000.0,5.300696198902433
NVDA,2007-03-31,844300000.0,141200000.0,132300000.0,185100000.0,2801000000.0,705000000.0,0.0,472000000.0,679000000.0,230395000.0,154703000.0,-371909000.0,-55818000.0,4.852578757239169
NVDA,2007-06-30,935253000.0,184760000.0,172732000.0,232743000.0,3036267000.0,3036267000.0,0.0,508435000.0,914745000.0,306489000.0,268862000.0,-91063000.0,-80889000.0,5.302249068305606
NVDA,2007-09-30,1115597000.0,247841000.0,235661000.0,299829000.0,3475263000.0,3475263000.0,0.0,552407000.0,1056702000.0,331111000.0,301035000.0,-57888000.0,-37429000.0,7.247961225963774
NVDA,2007-12-31,1202730000.0,262499000.0,256993000.0,316838000.0,3747671000.0,1129759000.0,0.0,666494000.0,726969000.0,380125000.0,330422000.0,-186449000.0,-51719000.0,7.955840356647968
NVDA,2008-03-31,1153400000.0,203000000.0,176800000.0,254400000.0,3807000000.0,1070000000.0,0.0,652000000.0,803000000.0,252471000.0,182132000.0,-425918000.0,-156286000.0,5.342420648355953
NVDA,2008-06-30,892676000.0,-155392000.0,-120929000.0,-100294000.0,3960049000.0,3960049000.0,0.0,679416000.0,719143000.0,145245000.0,-56928000.0,24533000.0,-93439000.0,4.871304459869862
NVDA,2008-09-30,897700000.0,56800000.0,61700000.0,110300000.0,3649000000.0,1162000000.0,0.0,608000000.0,461000000.0,80957000.0,27443000.0,-174646000.0,9524000.0,2.716002762317657
NVDA,2008-12-31,481100000.0,-175100000.0,-147700000.0,-122400000.0,3351000000.0,956000000.0,26000000.0,318000000.0,418000000.0,43003000.0,-66005000.0,-27902000.0,-272991000.0,1.7762338612228632
NVDA,2009-03-31,664200000.0,-230965000.0,-201300000.0,-174142000.0,3179000000.0,860000000.0,25000000.0,304000000.0,512000000.0,-19845000.0,-62820000.0,-31352000.0,7632000.0,1.9812974968894583
NVDA,2009-06-30,776500000.0,-110107000.0,-105300000.0,-57778000.0,3298000000.0,1051000000.0,25000000.0,375000000.0,524000000.0,142128000.0,121351000.0,-8905000.0,-38637000.0,2.4823580204494418
NVDA,2009-09-30,903200000.0,107845000.0,107600000.0,158970000.0,3464000000.0,1040000000.0,25000000.0,398000000.0,614000000.0,135117000.0,117461000.0,-131157000.0,7551000.0,3.0885134898126125
NVDA,2009-12-31,982488000.0,134282000.0,131076000.0,187335000.0,3585918000.0,920778000.0,24450000.0,374963000.0,447221000.0,141317000.0,124724000.0,-95497000.0,44885000.0,3.2804661095142365
NVDA,2010-03-31,1001800000.0,147393000.0,137600000.0,197847000.0,3803000000.0,942000000.0,24000000.0,530000000.0,447000000.0,69245000.0,46670000.0,-283774000.0,47260000.0,3.931128294741521
NVDA,2010-06-30,811200000.0,-175207000.0,-141000000.0,-122527000.0,3731000000.0,971000000.0,24000000.0,396000000.0,377000000.0,-5397000.0,-22477000.0,-57342000.0,62780000.0,3.215180593823629
NVDA,2010-09-30,843912000.0,103783000.0,84862000.0,150461000.0,3915579000.0,1017699000.0,23359000.0,399502000.0,451000000.0,34344000.0,-3300000.0,-119101000.0,14498000.0,2.339120607823133
NVDA,2010-12-31,886400000.0,179778000.0,171700000.0,232393000.0,4495000000.0,1314000000.0,23000000.0,349000000.0,665000000.0,212177000.0,190354000.0,-163984000.0,25978000.0,2.996209900826216
NVDA,2011-03-31,962000000.0,154862000.0,135200000.0,204264000.0,4737000000.0,1289000000.0,23000000.0,343000000.0,684000000.0,434673000.0,413330000.0,-309251000.0,88765000.0,4.889109534602011
NVDA,2011-06-30,1016517000.0,174030000.0,151573000.0,229706000.0,4864424000.0,1174955000.0,22493000.0,419944000.0,532614000.0,172200000.0,141005000.0,-252506000.0,98578000.0,4.118104541112507
NVDA,2011-09-30,1066200000.0,197090000.0,178300000.0,257187000.0,5089000000.0,1116000000.0,22000000.0,371000000.0,567000000.0,82021000.0,58698000.0,-273218000.0,40178000.0,3.1864068880677223
NVDA,2011-12-31,953200000.0,122317000.0,116000000.0,176495000.0,5553000000.0,1407000000.0,21000000.0,336000000.0,668000000.0,244417000.0,205382000.0,-289145000.0,78930000.0,3.3243831528557672
NVDA,2012-03-31,924900000.0,72826000.0,60400000.0,131591000.0,5708000000.0,1421000000.0,21000000.0,411000000.0,369000000.0,410518000.0,365336000.0,-328495000.0,19037000.0,3.440216087525891
NVDA,2012-06-30,1044300000.0,139623000.0,119000000.0,201395000.0,5892000000.0,1438000000.0,20000000.0,445000000.0,500000000.0,-9208000.0,-38131000.0,-335054000.0,45521000.0,2.982105845496768
NVDA,2012-09-30,1204100000.0,252217000.0,209100000.0,310748000.0,6075000000.0,1352000000.0,20000000.0,445000000.0,525000000.0,200886000.0,138942000.0,-84703000.0,14300000.0,3.131276599944584
NVDA,2012-12-31,1106900000.0,183573000.0,174000000.0,244501000.0,6412000000.0,1585000000.0,19000000.0,454000000.0,733000000.0,181485000.0,136801000.0,-182799000.0,27084000.0,2.8466912738738523
NVDA,2013-03-31,954700000.0,82781000.0,77900000.0,147844000.0,6280000000.0,1455000000.0,18000000.0,347000000.0,561000000.0,451009000.0,403251000.0,-141436000.0,-102175000.0,2.8881917158762613
NVDA,2013-06-30,977200000.0,105534000.0,96400000.0,173640000.0,5570000000.0,1397000000.0,18000000.0,418000000.0,591000000.0,175650000.0,109983000.0,-230786000.0,-116227000.0,3.214179717004299
NVDA,2013-09-30,1054000000.0,140988000.0,118700000.0,204226000.0,5711000000.0,1391000000.0,17000000.0,448000000.0,562000000.0,96469000.0,11483000.0,711818000.0,-778389000.0,3.4785834662616253
NVDA,2013-12-31,1144200000.0,166924000.0,146900000.0,231673000.0,7251000000.0,2794000000.0,1374000000.0,426000000.0,1152000000.0,162315000.0,124156000.0,-187373000.0,-4179000.0,3.642099425196648
NVDA,2014-03-31,1102800000.0,151359000.0,136500000.0,229854000.0,6865000000.0,2698000000.0,1380000000.0,396000000.0,509000000.0,400712000.0,334338000.0,-1099596000.0,1288387000.0,4.043875924876479
NVDA,2014-06-30,1103000000.0,163179000.0,128000000.0,222133000.0,6934000000.0,2629000000.0,1386000000.0,470000000.0,515000000.0,151022000.0,121954000.0,-330322000.0,-463122000.0,4.435851778302874
NVDA,2014-09-30,1225400000.0,213315000.0,173000000.0,276122000.0,6886000000.0,2681000000.0,1392000000.0,563000000.0,395000000.0,96282000.0,73755000.0,-62954000.0,-27401000.0,4.494182705879211
NVDA,2014-12-31,1250500000.0,231136000.0,193100000.0,293349000.0,7201000000.0,2783000000.0,1398000000.0,474000000.0,497000000.0,215623000.0,175882000.0,-15595000.0,-320437000.0,4.66724856197834
NVDA,2015-03-31,1151000000.0,176000000.0,134000000.0,238000000.0,7291000000.0,2735000000.0,1404000000.0,455000000.0,464000000.0,442729000.0,411684000.0,-318177000.0,-22581000.0,5.1151920615649615
NVDA,2015-06-30,1153000000.0,76000000.0,26000000.0,133000000.0,6979000000.0,2794000000.0,1411000000.0,514000000.0,435000000.0,246000000.0,216000000.0,-235000000.0,-44000000.0,5.239206677391415
NVDA,2015-09-30,1305000000.0,245000000.0,246000000.0,305000000.0,7174000000.0,2709000000.0,1417000000.0,536000000.0,471000000.0,163000000.0,139000000.0,247000000.0,-439000000.0,5.248010598123074
NVDA,2015-12-31,1401000000.0,252000000.0,208000000.0,312000000.0,7370000000.0,2901000000.0,1510000000.0,505000000.0,596000000.0,255000000.0,238000000.0,-199000000.0,-20000000.0,7.340240232646465
NVDA,2016-03-31,1305000000.0,245000000.0,208000000.0,298000000.0,7108000000.0,2912000000.0,1588000000.0,523000000.0,547000000.0,511000000.0,496000000.0,-213000000.0,-173000000.0,7.456314790444296
NVDA,2016-06-30,1428000000.0,317000000.0,253000000.0,376000000.0,7461000000.0,2981000000.0,1508000000.0,644000000.0,426000000.0,309000000.0,254000000.0,176000000.0,-534000000.0,10.115983620285988
NVDA,2016-09-30,2004000000.0,639000000.0,542000000.0,685000000.0,9612000000.0,4288000000.0,3090000000.0,833000000.0,1940000000.0,184000000.0,152000000.0,-269000000.0,-36000000.0,14.518298462033272
NVDA,2016-12-31,2173000000.0,733000000.0,654000000.0,791000000.0,9841000000.0,4079000000.0,2847000000.0,826000000.0,1766000000.0,458000000.0,420000000.0,-327000000.0,1383000000.0,20.582086108979723
NVDA,2017-03-31,1937000000.0,554000000.0,507000000.0,599000000.0,9410000000.0,3278000000.0,2206000000.0,976000000.0,1989000000.0,721000000.0,670000000.0,-373000000.0,-522000000.0,26.23858144206385
NVDA,2017-06-30,2230000000.0,688000000.0,583000000.0,748000000.0,9402000000.0,3429000000.0,2075000000.0,1213000000.0,1988000000.0,282000000.0,228000000.0,754000000.0,-813000000.0,31.361324824984116
NVDA,2017-09-30,2636000000.0,895000000.0,838000000.0,960000000.0,9830000000.0,3478000000.0,2011000000.0,1167000000.0,2802000000.0,705000000.0,651000000.0,262000000.0,-968000000.0,41.083693428645056
NVDA,2017-12-31,2911000000.0,1073000000.0,1119000000.0,1281000000.0,11241000000.0,3770000000.0,2000000000.0,1265000000.0,4002000000.0,1157000000.0,1088000000.0,286000000.0,-629000000.0,49.12594537886362
NVDA,2018-03-31,3207000000.0,1295000000.0,1244000000.0,1383000000.0,11460000000.0,3743000000.0,2000000000.0,1220000000.0,765000000.0,1358000000.0,942000000.0,-24000000.0,-134000000.0,58.138837095166814
NVDA,2018-06-30,3123000000.0,1157000000.0,1101000000.0,1253000000.0,12882000000.0,4087000000.0,2001000000.0,1662000000.0,718000000.0,1445000000.0,1327000000.0,-3551000000.0,-1131000000.0,60.16120386123657
NVDA,2018-09-30,3181000000.0,1058000000.0,1230000000.0,1302000000.0,13657000000.0,4182000000.0,1990000000.0,2219000000.0,721000000.0,913000000.0,784000000.0,-805000000.0,-155000000.0,64.43443770635696
NVDA,2018-12-31,2205000000.0,294000000.0,566000000.0,646000000.0,13292000000.0,3950000000.0,1988000000.0,1424000000.0,782000000.0,487000000.0,337000000.0,219000000.0,-703000000.0,47.42990829831078
NVDA,2019-03-31,2220000000.0,358000000.0,394000000.0,493000000.0,14021000000.0,4317000000.0,2068000000.0,1242000000.0,2772000000.0,898000000.0,695000000.0,40000000.0,-877000000.0,38.51995393096424
NVDA,2019-06-30,2579000000.0,571000000.0,552000000.0,711000000.0,14775000000.0,4439000000.0,2073000000.0,1561000000.0,7105000000.0,720000000.0,592000000.0,1495000000.0,-225000000.0,41.17133076985677
NVDA,2019-09-30,3014000000.0,927000000.0,899000000.0,1064000000.0,15810000000.0,4596000000.0,2079000000.0,1455000000.0,9765000000.0,936000000.0,823000000.0,3545000000.0,-148000000.0,41.84421110153198
NVDA,2019-12-31,3105000000.0,990000000.0,951000000.0,1135000000.0,17315000000.0,5111000000.0,2082000000.0,1657000000.0,10896000000.0,1640000000.0,1537000000.0,1256000000.0,-236000000.0,51.78548121452332
NVDA,2020-03-31,3080000000.0,976000000.0,917000000.0,1113000000.0,23254000000.0,10155000000.0,7059000000.0,1907000000.0,15494000000.0,1465000000.0,1320000000.0,-151000000.0,-183000000.0,62.85813688462781
NVDA,2020-06-30,3866000000.0,651000000.0,622000000.0,1067000000.0,25180000000.0,11266000000.0,7084000000.0,2084000000.0,3274000000.0,909000000.0,754000000.0,-1055000000.0,4744000000.0,80.63829646034846
NVDA,2020-09-30,4726000000.0,1398000000.0,1336000000.0,1700000000.0,26881000000.0,11547000000.0,7077000000.0,2546000000.0,2251000000.0,1567000000.0,1350000000.0,-13490000000.0,-297000000.0,116.0345629453659
NVDA,2020-12-31,5003000000.0,1507000000.0,1457000000.0,1811000000.0,28791000000.0,11898000000.0,7084000000.0,2429000000.0,847000000.0,1279000000.0,806000000.0,-2001000000.0,-301000000.0,133.54619681835177
NVDA,2021-03-31,5661000000.0,1956000000.0,1912000000.0,2378000000.0,30796000000.0,12022000000.0,7738000000.0,3024000000.0,978000000.0,2067000000.0,1784000000.0,-3129000000.0,-342000000.0,134.1117311071177
NVDA,2021-06-30,6507000000.0,2444000000.0,2374000000.0,2740000000.0,38650000000.0,17503000000.0,12791000000.0,3586000000.0,5628000000.0,1874000000.0,1576000000.0,-1272000000.0,-471000000.0,159.98236616830977
NVDA,2021-09-30,7103000000.0,2671000000.0,2464000000.0,2998000000.0,40632000000.0,16834000000.0,11827000000.0,3954000000.0,1288000000.0,2682000000.0,2499000000.0,-2533000000.0,4501000000.0,207.2977066040039
NVDA,2021-12-31,7643000000.0,2970000000.0,3003000000.0,3235000000.0,44187000000.0,17575000000.0,11687000000.0,4650000000.0,1990000000.0,1519000000.0,1297000000.0,-4439000000.0,-1420000000.0,274.73614859580994
NVDA,2022-03-31,8288000000.0,1868000000.0,1618000000.0,2207000000.0,45212000000.0,18892000000.0,11699000000.0,5438000000.0,3887000000.0,3033000000.0,2760000000.0,-1586000000.0,-745000000.0,250.45512931577625
ON,2003-03-31,269500000.0,11400000.0,-50500000.0,-14100000.0,1229000000.0,1809500000.0,1437400000.0,129700000.0,190000000.0,11500000.0,5500000.0,-6000000.0,900000.0,1.393770489536348
ON,2003-06-30,256200000.0,-17800000.0,-57500000.0,-12200000.0,1177300000.0,1813500000.0,1441600000.0,130100000.0,181200000.0,5200000.0,-13400000.0,-20400000.0,-800000.0,1.8755555644867912
ON,2003-09-30,264800000.0,27000000.0,-16300000.0,15800000.0,1189400000.0,1676500000.0,1292900000.0,152400000.0,183600000.0,1200000.0,-15700000.0,-3700000.0,4300000.0,3.849843762814999
ON,2003-12-31,278600000.0,-5000000.0,-42400000.0,-12000000.0,1161400000.0,1779600000.0,1302900000.0,136100000.0,186600000.0,27800000.0,9500000.0,-25100000.0,0.0,5.293281264603138
ON,2004-03-31,308200000.0,23700000.0,-47600000.0,-17800000.0,1213400000.0,1552600000.0,1141200000.0,153400000.0,221400000.0,32800000.0,2200000.0,-30600000.0,32500000.0,7.711774249230662
ON,2004-06-30,333500000.0,48100000.0,-3500000.0,24700000.0,1262100000.0,1602800000.0,1174000000.0,161000000.0,257700000.0,52900000.0,34800000.0,-14300000.0,-1900000.0,5.7367741523250455
ON,2004-09-30,318400000.0,43500000.0,15700000.0,44600000.0,1220700000.0,1544300000.0,1139600000.0,151700000.0,231800000.0,30500000.0,14100000.0,-16400000.0,-39500000.0,3.357187483459711
ON,2004-12-31,306800000.0,34600000.0,-86700000.0,-56800000.0,1110100000.0,1622500000.0,1151800000.0,131500000.0,105700000.0,-77800000.0,-94500000.0,-89300000.0,40300000.0,3.845625013113022
ON,2005-03-31,302400000.0,32300000.0,14800000.0,42200000.0,1112300000.0,1500500000.0,1146000000.0,151200000.0,177500000.0,36200000.0,27200000.0,45700000.0,-10100000.0,4.100000017979106
ON,2005-06-30,302800000.0,36300000.0,18500000.0,45700000.0,1132100000.0,1503300000.0,1142400000.0,139900000.0,235600000.0,62000000.0,49000000.0,2900000.0,-6700000.0,3.965468734502792
ON,2005-09-30,313600000.0,42200000.0,23500000.0,51400000.0,1170500000.0,1626100000.0,1137500000.0,162500000.0,272300000.0,48700000.0,35500000.0,-1200000.0,-10700000.0,5.305312491953373
ON,2005-12-31,341800000.0,56800000.0,43800000.0,63500000.0,1148500000.0,1424000000.0,1067000000.0,160200000.0,233300000.0,46200000.0,33600000.0,-12600000.0,-72100000.0,5.259365096924797
ON,2006-03-31,334000000.0,52900000.0,40400000.0,66500000.0,1211000000.0,1435400000.0,1062000000.0,178300000.0,251300000.0,50500000.0,17200000.0,-30800000.0,-2000000.0,6.856451642128729
ON,2006-06-30,375300000.0,80700000.0,67500000.0,87200000.0,1423000000.0,1497800000.0,1061000000.0,200500000.0,294700000.0,81200000.0,-32500000.0,-112500000.0,74400000.0,6.3436508103022495
ON,2006-09-30,420900000.0,88200000.0,76800000.0,96800000.0,1416700000.0,1417500000.0,1006700000.0,194900000.0,233400000.0,89500000.0,37500000.0,-96700000.0,-54000000.0,5.971111062973264
ON,2006-12-31,401600000.0,95200000.0,87400000.0,106700000.0,1416500000.0,1621100000.0,1176000000.0,177900000.0,268800000.0,128600000.0,116700000.0,109800000.0,-202900000.0,6.462698444487557
ON,2007-03-31,374200000.0,62700000.0,54000000.0,77800000.0,1440700000.0,1597900000.0,1150400000.0,174300000.0,275800000.0,63100000.0,14100000.0,-43200000.0,-12700000.0,9.255901618082016
ON,2007-06-30,381200000.0,71500000.0,63300000.0,88400000.0,1427700000.0,1564800000.0,1143400000.0,172100000.0,255800000.0,55400000.0,27800000.0,-24000000.0,-51000000.0,10.574285734267464
ON,2007-09-30,402900000.0,73200000.0,63800000.0,90000000.0,1526300000.0,1579800000.0,1139500000.0,193400000.0,327100000.0,98400000.0,64600000.0,-33000000.0,5200000.0,11.648095161195783
ON,2007-12-31,407900000.0,69800000.0,61100000.0,90600000.0,1637600000.0,1603200000.0,1159400000.0,175200000.0,274600000.0,100200000.0,69900000.0,-175900000.0,23000000.0,10.12281246483326
ON,2008-03-31,421900000.0,30800000.0,11000000.0,41000000.0,2872300000.0,1893700000.0,1225100000.0,245700000.0,307900000.0,136900000.0,121400000.0,184800000.0,-289600000.0,6.373606548934687
ON,2008-06-30,562700000.0,33400000.0,34200000.0,55800000.0,2838100000.0,1803900000.0,1232100000.0,258500000.0,321200000.0,41900000.0,12600000.0,-29400000.0,4200000.0,8.496875025331974
ON,2008-09-30,581500000.0,73600000.0,50600000.0,91100000.0,2909000000.0,1824200000.0,1220800000.0,279300000.0,417900000.0,133800000.0,103300000.0,-30200000.0,-5900000.0,8.791718877851963
ON,2008-12-31,488700000.0,-503700000.0,-506700000.0,-466100000.0,2354200000.0,1658200000.0,1169300000.0,188800000.0,458700000.0,81200000.0,61500000.0,2500000.0,-45800000.0,4.0768750086426735
ON,2009-03-31,379100000.0,-4600000.0,-33900000.0,30700000.0,2211000000.0,1379900000.0,930900000.0,192600000.0,402400000.0,28700000.0,6400000.0,-22100000.0,-62400000.0,4.070327860410096
ON,2009-06-30,419800000.0,13700000.0,-3000000.0,50700000.0,2224200000.0,1374300000.0,904300000.0,254100000.0,403400000.0,58300000.0,43600000.0,-14800000.0,-42700000.0,5.891904740106492
ON,2009-09-30,472900000.0,49700000.0,29900000.0,86500000.0,2274600000.0,1370300000.0,895600000.0,264700000.0,395200000.0,87600000.0,76600000.0,-86100000.0,-10300000.0,7.774218760430813
ON,2009-12-31,497100000.0,83800000.0,68000000.0,121000000.0,2414300000.0,1409700000.0,933500000.0,260900000.0,525700000.0,102300000.0,91800000.0,-3300000.0,31600000.0,7.877812512218952
ON,2010-03-31,550200000.0,84200000.0,63000000.0,120500000.0,2545800000.0,1478400000.0,934800000.0,298900000.0,560700000.0,109500000.0,67600000.0,-63200000.0,-11100000.0,8.077704929914631
ON,2010-06-30,583300000.0,101500000.0,78700000.0,136900000.0,2541000000.0,1362900000.0,753400000.0,317200000.0,467100000.0,158900000.0,106400000.0,-75900000.0,-176900000.0,7.629206339518229
ON,2010-09-30,600700000.0,107700000.0,87800000.0,148900000.0,2694500000.0,1413700000.0,786000000.0,314300000.0,562900000.0,123600000.0,72100000.0,-51200000.0,22500000.0,6.69218748062849
ON,2010-12-31,579200000.0,80800000.0,61000000.0,125300000.0,2919200000.0,1531200000.0,888800000.0,294600000.0,623300000.0,159800000.0,114600000.0,-145400000.0,46100000.0,8.189062535762787
ON,2011-03-31,870600000.0,32700000.0,35500000.0,106900000.0,4012600000.0,2564900000.0,1272000000.0,576300000.0,766000000.0,125600000.0,36900000.0,-4200000.0,21100000.0,10.816290286279491
ON,2011-06-30,905800000.0,56900000.0,34300000.0,112400000.0,4149800000.0,2585700000.0,1285400000.0,599900000.0,756600000.0,136000000.0,51200000.0,-154000000.0,6800000.0,10.418253974309044
ON,2011-09-30,898000000.0,-6700000.0,-49400000.0,41700000.0,4011900000.0,2486200000.0,1237000000.0,539000000.0,659300000.0,119200000.0,34400000.0,-151000000.0,-70200000.0,8.11312498897314
ON,2011-12-31,767900000.0,30500000.0,-42500000.0,38100000.0,3883500000.0,2390000000.0,1207000000.0,498200000.0,652900000.0,164700000.0,107100000.0,-114500000.0,-54900000.0,7.494285742441813
ON,2012-03-31,744400000.0,43600000.0,28200000.0,109100000.0,3829200000.0,2320800000.0,1189000000.0,425300000.0,580100000.0,68400000.0,8400000.0,-110200000.0,-25500000.0,8.860806411312472
ON,2012-06-30,744800000.0,26900000.0,6900000.0,88500000.0,3770700000.0,2253500000.0,1070300000.0,439800000.0,517800000.0,59100000.0,1900000.0,16400000.0,-140900000.0,7.478730156308129
ON,2012-09-30,725500000.0,44600000.0,12500000.0,93900000.0,3669900000.0,2158600000.0,1063400000.0,415400000.0,421400000.0,11900000.0,-68100000.0,-59800000.0,-49700000.0,6.608253970978752
ON,2012-12-31,680200000.0,-131400000.0,-138200000.0,-69000000.0,3328400000.0,1937700000.0,1011900000.0,392100000.0,486900000.0,136600000.0,77500000.0,20200000.0,-83600000.0,6.383548405862624
ON,2013-03-31,661000000.0,37700000.0,22600000.0,86400000.0,3232700000.0,1849100000.0,949600000.0,383800000.0,537000000.0,85200000.0,46300000.0,38000000.0,-65200000.0,8.005333296457927
ON,2013-06-30,688300000.0,50900000.0,47700000.0,106700000.0,3241400000.0,1807400000.0,917600000.0,446900000.0,396100000.0,55200000.0,7900000.0,-153900000.0,-40900000.0,8.023593805730343
ON,2013-09-30,715400000.0,67300000.0,51800000.0,118100000.0,3248700000.0,1779300000.0,908400000.0,419200000.0,369500000.0,59900000.0,9400000.0,-51500000.0,-34300000.0,7.672656267881393
ON,2013-12-31,718000000.0,62300000.0,28700000.0,116900000.0,3257000000.0,1770200000.0,942200000.0,415100000.0,509500000.0,127000000.0,107200000.0,49200000.0,-33600000.0,7.294062487781048
ON,2014-03-31,706500000.0,73300000.0,55700000.0,122400000.0,3286700000.0,1779800000.0,920200000.0,447900000.0,562000000.0,74900000.0,27200000.0,14900000.0,-38300000.0,8.980655701434026
ON,2014-06-30,757600000.0,81700000.0,94100000.0,143700000.0,3418400000.0,1811700000.0,904900000.0,467000000.0,598900000.0,151600000.0,102800000.0,-86900000.0,-27900000.0,9.107936526101732
ON,2014-09-30,833500000.0,57600000.0,40500000.0,129900000.0,3882200000.0,2239600000.0,1183600000.0,532600000.0,492100000.0,92300000.0,25800000.0,-438400000.0,241600000.0,9.237656235694883
ON,2014-12-31,864200000.0,16300000.0,1700000.0,98700000.0,3823000000.0,2175600000.0,1192600000.0,457900000.0,511700000.0,162500000.0,121200000.0,-55200000.0,-84000000.0,8.780468747019768
ON,2015-03-31,870800000.0,68400000.0,55100000.0,161900000.0,3746300000.0,2140700000.0,1162800000.0,479000000.0,428100000.0,83500000.0,18700000.0,-54200000.0,-113200000.0,11.457049197837955
ON,2015-06-30,880500000.0,67800000.0,50700000.0,157500000.0,3915400000.0,2318000000.0,1378200000.0,525700000.0,576600000.0,101600000.0,26100000.0,-72500000.0,120700000.0,12.267777836512003
ON,2015-09-30,904200000.0,69400000.0,46300000.0,160400000.0,3950100000.0,2391800000.0,1407700000.0,548100000.0,556800000.0,128300000.0,63800000.0,-71700000.0,-77200000.0,10.160937547683716
ON,2015-12-31,840300000.0,55500000.0,54100000.0,144500000.0,3869600000.0,2237700000.0,1393900000.0,456100000.0,617600000.0,157200000.0,89800000.0,-66100000.0,-30100000.0,10.515468761324884
ON,2016-03-31,817200000.0,58400000.0,36000000.0,137600000.0,3855100000.0,2201100000.0,1360500000.0,428200000.0,619500000.0,114900000.0,42000000.0,-70800000.0,-44500000.0,8.564262319783696
ON,2016-06-30,877800000.0,75300000.0,25100000.0,154400000.0,6097800000.0,4396900000.0,3471800000.0,487400000.0,588100000.0,104200000.0,52200000.0,-118200000.0,-21500000.0,9.512343749403954
ON,2016-09-30,950900000.0,46700000.0,10100000.0,217300000.0,6790900000.0,5036900000.0,3636300000.0,675100000.0,880500000.0,132700000.0,96800000.0,-2185800000.0,2345300000.0,10.346718743443487
ON,2016-12-31,1261000000.0,55700000.0,110900000.0,178300000.0,6924400000.0,5079400000.0,3622300000.0,629800000.0,1028100000.0,229400000.0,177300000.0,-59800000.0,-14600000.0,11.93587297106546
ON,2017-03-31,1436700000.0,183400000.0,78200000.0,267200000.0,6637400000.0,4639100000.0,3259600000.0,678200000.0,728900000.0,208500000.0,155600000.0,-55100000.0,-454900000.0,14.49709676927136
ON,2017-06-30,1338000000.0,154200000.0,93900000.0,293900000.0,6834300000.0,4715000000.0,3140500000.0,696400000.0,871600000.0,333200000.0,264400000.0,-65800000.0,-124600000.0,15.025555519830611
ON,2017-09-30,1390900000.0,177300000.0,108700000.0,330700000.0,6861300000.0,4648900000.0,2942900000.0,695600000.0,901200000.0,328200000.0,236000000.0,-73000000.0,-225800000.0,16.092539651053293
ON,2017-12-31,1377500000.0,166000000.0,529900000.0,276500000.0,7195100000.0,4394100000.0,2951800000.0,701500000.0,949200000.0,224300000.0,42500000.0,-170600000.0,-5600000.0,20.396190461658296
ON,2018-03-31,1377600000.0,185700000.0,139600000.0,307400000.0,7263100000.0,4334700000.0,2831600000.0,696900000.0,924900000.0,226500000.0,115400000.0,-105500000.0,-146900000.0,24.1154097885382
ON,2018-06-30,1455900000.0,197200000.0,155300000.0,350500000.0,7297300000.0,4224600000.0,2766800000.0,698800000.0,850200000.0,268500000.0,113500000.0,-229300000.0,-112900000.0,24.1740625500679
ON,2018-09-30,1541700000.0,241600000.0,166900000.0,374100000.0,7409800000.0,4230700000.0,2714900000.0,733000000.0,951000000.0,358200000.0,235900000.0,-120500000.0,-136300000.0,21.373015963842
ON,2018-12-31,1503100000.0,222700000.0,165600000.0,357400000.0,7587600000.0,4393500000.0,2766100000.0,686000000.0,1069600000.0,421000000.0,294600000.0,-93600000.0,-209000000.0,17.29444453829811
ON,2019-03-31,1386600000.0,179400000.0,114100000.0,319800000.0,7564300000.0,4366100000.0,2769800000.0,704000000.0,939600000.0,138200000.0,-28900000.0,-167100000.0,-101100000.0,20.630983509001183
ON,2019-06-30,1347700000.0,158300000.0,101800000.0,302800000.0,8524500000.0,5250200000.0,3656500000.0,713200000.0,885200000.0,222600000.0,-21100000.0,-1104300000.0,823400000.0,20.661428481813463
ON,2019-09-30,1381800000.0,-43900000.0,-60700000.0,106700000.0,8522300000.0,5307000000.0,3615400000.0,716600000.0,928700000.0,242200000.0,130600000.0,-132500000.0,-80200000.0,19.229687452316284
ON,2019-12-31,1401800000.0,138900000.0,56500000.0,286500000.0,8425500000.0,5101400000.0,3612500000.0,705000000.0,894200000.0,91700000.0,-20500000.0,-107000000.0,-19000000.0,21.12171870470047
ON,2020-03-31,1277900000.0,18600000.0,-14000000.0,181500000.0,9420800000.0,6205900000.0,4732600000.0,652000000.0,1982000000.0,166000000.0,33700000.0,-108600000.0,1030200000.0,19.560967753010413
ON,2020-06-30,1213500000.0,43100000.0,-1400000.0,195200000.0,9527800000.0,6268500000.0,4740400000.0,667400000.0,2060400000.0,154500000.0,81200000.0,-74100000.0,-1600000.0,16.29428563799177
ON,2020-09-30,1317300000.0,119000000.0,160600000.0,275900000.0,9254000000.0,5806800000.0,4239200000.0,728100000.0,1654000000.0,163400000.0,101800000.0,-59200000.0,-510400000.0,21.22187501192093
ON,2020-12-31,1446300000.0,168000000.0,89000000.0,315300000.0,8668000000.0,5109900000.0,3491300000.0,676000000.0,1080700000.0,400400000.0,184000000.0,-211700000.0,-762200000.0,27.901562571525574
ON,2021-03-31,1481700000.0,125900000.0,89900000.0,283800000.0,8630400000.0,4980800000.0,3343600000.0,683600000.0,1042500000.0,218500000.0,141100000.0,-77200000.0,-178100000.0,38.38311486166032
ON,2021-06-30,1669900000.0,282200000.0,184100000.0,408200000.0,8594400000.0,4790000000.0,3108400000.0,669100000.0,1091100000.0,488000000.0,380800000.0,-100800000.0,-338600000.0,39.25777768331861
ON,2021-09-30,1742100000.0,399200000.0,309700000.0,553300000.0,8940700000.0,4796300000.0,3113500000.0,720000000.0,1389200000.0,448900000.0,337000000.0,-149500000.0,-1100000.0,42.73703110218048
ON,2021-12-31,1846000000.0,480300000.0,426000000.0,495000000.0,9626000000.0,5021000000.0,3073700000.0,809000000.0,1352000000.0,626000000.0,457000000.0,-587000000.0,-51000000.0,56.65328127145767
ON,2022-03-31,1945000000.0,647200000.0,530200000.0,789500000.0,10212400000.0,5194400000.0,3205800000.0,910700000.0,1645100000.0,478600000.0,304800000.0,-129400000.0,-57300000.0,60.97306436108005
QCOM,2003-03-31,1017100000.0,420800000.0,103000000.0,272700000.0,8218000000.0,1197000000.0,152000000.0,539000000.0,1990000000.0,578844000.0,529434000.0,-142231000.0,-67837000.0,11.7974000524302
QCOM,2003-06-30,891600000.0,348400000.0,191700000.0,379000000.0,8470000000.0,1264000000.0,206000000.0,624000000.0,1795000000.0,345099000.0,290064000.0,-438443000.0,-101841000.0,10.641498111543202
QCOM,2003-09-30,908816000.0,296215000.0,291402000.0,357656000.0,8822436000.0,1223814000.0,225927000.0,489588000.0,2045094000.0,527458000.0,474595000.0,-281616000.0,3322000.0,12.722304329276083
QCOM,2003-12-31,1205000000.0,569000000.0,352000000.0,585000000.0,9033000000.0,1104000000.0,117000000.0,655000000.0,1796000000.0,460878000.0,397077000.0,-684974000.0,-23270000.0,15.208817839622498
QCOM,2004-03-31,1216000000.0,577000000.0,488000000.0,697000000.0,9649000000.0,1093000000.0,0.0,597000000.0,1947000000.0,788289000.0,734529000.0,-666571000.0,27063000.0,19.509469309160785
QCOM,2004-06-30,1341000000.0,622000000.0,486000000.0,708000000.0,10222000000.0,1080000000.0,0.0,898000000.0,2009000000.0,442144000.0,366114000.0,-387998000.0,8312000.0,21.58543574425482
QCOM,2004-09-30,1117252000.0,362181000.0,392846000.0,480278000.0,10820000000.0,1156000000.0,0.0,581000000.0,1214000000.0,776689000.0,638280000.0,-1586457000.0,14895000.0,23.84530583024025
QCOM,2004-12-31,1390000000.0,584000000.0,513000000.0,749000000.0,11566000000.0,1227000000.0,0.0,659000000.0,1135000000.0,397000000.0,209000000.0,-570000000.0,94000000.0,27.185864984989166
QCOM,2005-03-31,1364000000.0,572000000.0,532000000.0,681000000.0,11810000000.0,1284000000.0,0.0,508000000.0,1638000000.0,821000000.0,727000000.0,39000000.0,-358000000.0,24.48670205913606
QCOM,2005-06-30,1358000000.0,560000000.0,560000000.0,737000000.0,11578000000.0,1131000000.0,0.0,634000000.0,1360000000.0,523000000.0,367000000.0,1000000.0,-801000000.0,23.071283668279648
QCOM,2005-09-30,1560000000.0,670000000.0,538000000.0,842000000.0,12479000000.0,1360000000.0,0.0,544000000.0,2070000000.0,945000000.0,807000000.0,-246000000.0,11000000.0,26.027682691812515
QCOM,2005-12-31,1741000000.0,645000000.0,620000000.0,794000000.0,13429000000.0,1457000000.0,0.0,728000000.0,1577000000.0,596000000.0,383000000.0,-1373000000.0,282000000.0,29.04578369382828
QCOM,2006-03-31,1835000000.0,660000000.0,593000000.0,849000000.0,14859000000.0,1459000000.0,0.0,569000000.0,1779000000.0,889000000.0,728000000.0,-845000000.0,161000000.0,31.52282634858162
QCOM,2006-06-30,1951000000.0,704000000.0,643000000.0,893000000.0,14713000000.0,1715000000.0,0.0,695000000.0,1155000000.0,816000000.0,634000000.0,-343000000.0,-1098000000.0,31.312194854494127
QCOM,2006-09-30,1999000000.0,680000000.0,614000000.0,892000000.0,15208000000.0,1802000000.0,0.0,700000000.0,1607000000.0,952000000.0,823000000.0,-62000000.0,-437000000.0,24.20637487986731
QCOM,2006-12-31,2019000000.0,576000000.0,648000000.0,870000000.0,16338000000.0,2163000000.0,0.0,693000000.0,2649000000.0,789000000.0,467000000.0,219000000.0,33000000.0,24.798452619522337
QCOM,2007-03-31,2221000000.0,748000000.0,726000000.0,1021000000.0,17254000000.0,2224000000.0,0.0,714000000.0,3353000000.0,991000000.0,899000000.0,-95000000.0,-193000000.0,26.625567107904157
QCOM,2007-06-30,2325000000.0,782000000.0,798000000.0,1071000000.0,18446000000.0,2514000000.0,0.0,764000000.0,3716000000.0,988000000.0,831000000.0,-732000000.0,107000000.0,28.96407296922472
QCOM,2007-09-30,2306000000.0,777000000.0,1132000000.0,1048000000.0,18495000000.0,2660000000.0,0.0,715000000.0,2411000000.0,1043000000.0,796000000.0,-1290000000.0,-1058000000.0,27.193320471142965
QCOM,2007-12-31,2440000000.0,757000000.0,767000000.0,1038000000.0,18348000000.0,2738000000.0,0.0,703000000.0,2968000000.0,880000000.0,753000000.0,590000000.0,-914000000.0,27.30770453810692
QCOM,2008-03-31,2606000000.0,813000000.0,767000000.0,1017000000.0,18152000000.0,2675000000.0,0.0,728000000.0,2803000000.0,947000000.0,646000000.0,-151000000.0,-961000000.0,27.115913672525373
QCOM,2008-06-30,2762000000.0,824000000.0,748000000.0,999000000.0,19597000000.0,2771000000.0,0.0,917000000.0,2970000000.0,740000000.0,185000000.0,-976000000.0,404000000.0,30.539634853601456
QCOM,2008-09-30,3333000000.0,1336000000.0,879000000.0,1228000000.0,24712000000.0,6768000000.0,0.0,4187000000.0,1840000000.0,991000000.0,577000000.0,-2282000000.0,164000000.0,33.83069944381714
QCOM,2008-12-31,2517000000.0,745000000.0,341000000.0,603000000.0,23455000000.0,6318000000.0,0.0,943000000.0,3826000000.0,3501000000.0,3267000000.0,-1101000000.0,-406000000.0,24.04086199402809
QCOM,2009-03-31,2455000000.0,-10000000.0,-289000000.0,57000000.0,24084000000.0,6971000000.0,0.0,804000000.0,3892000000.0,1263000000.0,1029000000.0,-746000000.0,-450000000.0,24.344089007768478
QCOM,2009-06-30,2753000000.0,894000000.0,737000000.0,1146000000.0,25713000000.0,7002000000.0,0.0,943000000.0,3721000000.0,1087000000.0,938000000.0,-1180000000.0,-82000000.0,29.418042591639928
QCOM,2009-09-30,2690000000.0,596000000.0,802000000.0,924000000.0,27445000000.0,7129000000.0,0.0,700000000.0,2717000000.0,1321000000.0,1177000000.0,-2430000000.0,105000000.0,31.602300852537155
QCOM,2009-12-31,2670000000.0,879000000.0,841000000.0,1223000000.0,28903000000.0,7550000000.0,0.0,616000000.0,3660000000.0,1239000000.0,1151000000.0,-172000000.0,-120000000.0,30.31964287161827
QCOM,2010-03-31,2660000000.0,776000000.0,774000000.0,1233000000.0,28497000000.0,7777000000.0,0.0,680000000.0,2553000000.0,793000000.0,685000000.0,-255000000.0,-1644000000.0,28.936460088510984
QCOM,2010-06-30,2700000000.0,792000000.0,767000000.0,1191000000.0,29401000000.0,9515000000.0,1061000000.0,798000000.0,2541000000.0,951000000.0,834000000.0,-569000000.0,-386000000.0,26.260202468387664
QCOM,2010-09-30,2952000000.0,836000000.0,865000000.0,1298000000.0,30572000000.0,9714000000.0,1086000000.0,730000000.0,3547000000.0,1093000000.0,-84000000.0,157000000.0,-255000000.0,27.386603951454163
QCOM,2010-12-31,3347000000.0,1110000000.0,1169000000.0,1616000000.0,31291000000.0,8555000000.0,1089000000.0,657000000.0,4711000000.0,48000000.0,-54000000.0,554000000.0,561000000.0,33.15378877520561
QCOM,2011-03-31,3870000000.0,1073000000.0,999000000.0,1822000000.0,33824000000.0,8857000000.0,1100000000.0,715000000.0,6367000000.0,1768000000.0,1689000000.0,-1179000000.0,1058000000.0,38.56186245333764
QCOM,2011-06-30,3623000000.0,1113000000.0,1035000000.0,1538000000.0,35100000000.0,8829000000.0,1092000000.0,832000000.0,5746000000.0,1264000000.0,1045000000.0,-1938000000.0,53000000.0,39.421255808027965
QCOM,2011-09-30,4117000000.0,1237000000.0,1056000000.0,1598000000.0,36422000000.0,9471000000.0,994000000.0,993000000.0,5462000000.0,1820000000.0,1627000000.0,-1926000000.0,-154000000.0,37.43420201539993
QCOM,2011-12-31,4681000000.0,1551000000.0,1401000000.0,1957000000.0,37606000000.0,9125000000.0,1098000000.0,1035000000.0,4964000000.0,1779000000.0,1420000000.0,-2068000000.0,-191000000.0,38.448023538740856
QCOM,2012-03-31,4943000000.0,1514000000.0,2230000000.0,2766000000.0,41531000000.0,9649000000.0,1209000000.0,1189000000.0,5998000000.0,1888000000.0,1612000000.0,-1505000000.0,638000000.0,44.24379674849972
QCOM,2012-06-30,4626000000.0,1382000000.0,1207000000.0,1821000000.0,42445000000.0,9861000000.0,1138000000.0,1250000000.0,3412000000.0,922000000.0,523000000.0,-3302000000.0,-187000000.0,43.65602868700784
QCOM,2012-09-30,4870000000.0,1234000000.0,1271000000.0,1830000000.0,43012000000.0,9467000000.0,0.0,1459000000.0,3807000000.0,1409000000.0,1159000000.0,-2000000.0,-1017000000.0,43.69197124905057
QCOM,2012-12-31,6018000000.0,2088000000.0,1906000000.0,2579000000.0,44841000000.0,9507000000.0,0.0,1647000000.0,4293000000.0,1975000000.0,1770000000.0,-1227000000.0,-275000000.0,44.5988690160936
QCOM,2013-03-31,6124000000.0,1877000000.0,1866000000.0,2394000000.0,47599000000.0,9971000000.0,22000000.0,1889000000.0,4093000000.0,2216000000.0,1927000000.0,-2444000000.0,14000000.0,47.77178783416748
QCOM,2013-06-30,6243000000.0,1677000000.0,1580000000.0,2174000000.0,46809000000.0,9226000000.0,21000000.0,1949000000.0,2533000000.0,2077000000.0,1763000000.0,-2316000000.0,-1272000000.0,46.73489052057266
QCOM,2013-09-30,6481000000.0,1588000000.0,1501000000.0,2096000000.0,45516000000.0,9428000000.0,17000000.0,2142000000.0,6142000000.0,2510000000.0,2270000000.0,4409000000.0,-3312000000.0,48.29418379068375
QCOM,2013-12-31,6622000000.0,1493000000.0,1875000000.0,2463000000.0,46282000000.0,9255000000.0,14000000.0,1327000000.0,8292000000.0,2781000000.0,2571000000.0,445000000.0,-1073000000.0,52.235788106918335
QCOM,2014-03-31,6367000000.0,1990000000.0,1959000000.0,2565000000.0,47875000000.0,9621000000.0,13000000.0,2217000000.0,6337000000.0,1814000000.0,1227000000.0,-2903000000.0,-868000000.0,56.03376676215501
QCOM,2014-06-30,6806000000.0,2075000000.0,2238000000.0,2790000000.0,48355000000.0,9566000000.0,12000000.0,2084000000.0,7944000000.0,2673000000.0,2515000000.0,906000000.0,-1976000000.0,59.42856827993241
QCOM,2014-09-30,6692000000.0,1992000000.0,1894000000.0,2550000000.0,48574000000.0,9405000000.0,0.0,2412000000.0,7907000000.0,1619000000.0,1389000000.0,-87000000.0,-1563000000.0,57.488020956516266
QCOM,2014-12-31,7099000000.0,2064000000.0,1972000000.0,2587000000.0,48447000000.0,9624000000.0,0.0,2239000000.0,6325000000.0,2364000000.0,2111000000.0,-1736000000.0,-2203000000.0,55.3302493095398
QCOM,2015-03-31,6894000000.0,1336000000.0,1053000000.0,1845000000.0,47173000000.0,9334000000.0,1096000000.0,2058000000.0,5492000000.0,-658000000.0,-854000000.0,1046000000.0,-1213000000.0,53.580598549764666
QCOM,2015-06-30,5832000000.0,1235000000.0,1184000000.0,1728000000.0,52295000000.0,19093000000.0,10913000000.0,1961000000.0,9987000000.0,2116000000.0,1750000000.0,-1530000000.0,3904000000.0,52.18921358623202
QCOM,2015-09-30,5456000000.0,1140000000.0,1062000000.0,1648000000.0,50796000000.0,19375000000.0,10969000000.0,1964000000.0,7560000000.0,1684000000.0,1505000000.0,-1352000000.0,-2749000000.0,45.78094726800919
QCOM,2015-12-31,5775000000.0,1685000000.0,1498000000.0,2150000000.0,50229000000.0,19988000000.0,10950000000.0,1323000000.0,6913000000.0,2739000000.0,2611000000.0,-716000000.0,-2665000000.0,41.48439174890518
QCOM,2016-03-31,5551000000.0,1415000000.0,1164000000.0,1914000000.0,50060000000.0,20415000000.0,11942000000.0,1738000000.0,5775000000.0,737000000.0,612000000.0,-719000000.0,-1157000000.0,38.29150728319512
QCOM,2016-06-30,6044000000.0,1592000000.0,1444000000.0,2125000000.0,50786000000.0,20139000000.0,11773000000.0,1939000000.0,5885000000.0,1840000000.0,1704000000.0,-794000000.0,-943000000.0,41.78057342767716
QCOM,2016-09-30,6184000000.0,1804000000.0,1599000000.0,2372000000.0,52359000000.0,20581000000.0,11757000000.0,2219000000.0,5946000000.0,2084000000.0,1934000000.0,-1259000000.0,-757000000.0,48.66141921281815
QCOM,2016-12-31,5999000000.0,778000000.0,682000000.0,1290000000.0,52366000000.0,21151000000.0,11684000000.0,2085000000.0,6885000000.0,1379000000.0,1250000000.0,681000000.0,-1104000000.0,54.19454822843037
QCOM,2017-03-31,5016000000.0,729000000.0,749000000.0,1306000000.0,56079000000.0,24735000000.0,11937000000.0,4201000000.0,7124000000.0,815000000.0,693000000.0,79000000.0,-666000000.0,47.20545301129741
QCOM,2017-06-30,5371000000.0,773000000.0,866000000.0,1385000000.0,64379000000.0,33085000000.0,20402000000.0,3532000000.0,14909000000.0,82000000.0,-95000000.0,-1102000000.0,8771000000.0,45.88972624521407
QCOM,2017-09-30,5871000000.0,333000000.0,148000000.0,962000000.0,65486000000.0,34740000000.0,20397000000.0,3632000000.0,35029000000.0,2417000000.0,2155000000.0,18805000000.0,-1122000000.0,43.88390120248946
QCOM,2017-12-31,6035000000.0,29000000.0,-5983000000.0,-94000000.0,64351000000.0,40427000000.0,21349000000.0,3053000000.0,33362000000.0,1762000000.0,1536000000.0,-3261000000.0,-165000000.0,50.82707813807896
QCOM,2018-03-31,5220000000.0,441000000.0,330000000.0,894000000.0,64126000000.0,40307000000.0,21595000000.0,3535000000.0,37946000000.0,516000000.0,331000000.0,4742000000.0,-709000000.0,53.84299537783763
QCOM,2018-06-30,5577000000.0,925000000.0,1202000000.0,1679000000.0,62090000000.0,39022000000.0,18568000000.0,3163000000.0,35619000000.0,2053000000.0,1839000000.0,1134000000.0,-5463000000.0,47.62044781446457
QCOM,2018-09-30,5804000000.0,-653000000.0,-493000000.0,-172000000.0,32686000000.0,31758000000.0,16370000000.0,2904000000.0,11777000000.0,-436000000.0,-595000000.0,1766000000.0,-25150000000.0,56.67215813530816
QCOM,2018-12-31,4842000000.0,710000000.0,1068000000.0,1068000000.0,34246000000.0,30629000000.0,16386000000.0,3426000000.0,10066000000.0,356000000.0,204000000.0,-152000000.0,-1887000000.0,52.7464707995218
QCOM,2019-03-31,4982000000.0,940000000.0,663000000.0,1313000000.0,34023000000.0,30157000000.0,16403000000.0,3638000000.0,10135000000.0,794000000.0,624000000.0,-109000000.0,-644000000.0,47.44124328112993
QCOM,2019-06-30,9635000000.0,5317000000.0,2149000000.0,6014000000.0,34133000000.0,28670000000.0,16426000000.0,2390000000.0,13923000000.0,4909000000.0,4661000000.0,-208000000.0,-915000000.0,65.0438748314267
QCOM,2019-09-30,4814000000.0,700000000.0,506000000.0,1114000000.0,32957000000.0,28048000000.0,13936000000.0,2471000000.0,11839000000.0,1227000000.0,910000000.0,-337000000.0,-2940000000.0,67.40806716680527
QCOM,2019-12-31,5077000000.0,1030000000.0,925000000.0,1446000000.0,33111000000.0,28598000000.0,13936000000.0,2737000000.0,11109000000.0,1118000000.0,822000000.0,-203000000.0,-1659000000.0,75.57390034198761
QCOM,2020-03-31,5216000000.0,991000000.0,468000000.0,1084000000.0,31938000000.0,28893000000.0,13948000000.0,3081000000.0,8403000000.0,1083000000.0,738000000.0,-1566000000.0,-2209000000.0,74.60978212664205
QCOM,2020-06-30,4893000000.0,782000000.0,845000000.0,1374000000.0,32328000000.0,29022000000.0,15925000000.0,1847000000.0,6120000000.0,1872000000.0,1454000000.0,-3156000000.0,-1003000000.0,73.60711355057974
QCOM,2020-09-30,8346000000.0,3452000000.0,2960000000.0,3811000000.0,35594000000.0,29517000000.0,15726000000.0,4003000000.0,6707000000.0,1741000000.0,1393000000.0,-338000000.0,-836000000.0,98.69985437393188
QCOM,2020-12-31,8235000000.0,2526000000.0,2455000000.0,3109000000.0,37479000000.0,30099000000.0,15731000000.0,4148000000.0,7076000000.0,3175000000.0,2706000000.0,-1202000000.0,-1645000000.0,129.3619077205658
QCOM,2021-03-31,7935000000.0,2166000000.0,1762000000.0,2657000000.0,37168000000.0,29744000000.0,15735000000.0,3346000000.0,6000000000.0,2911000000.0,2428000000.0,-1832000000.0,-2143000000.0,134.54806756191567
QCOM,2021-06-30,8060000000.0,2195000000.0,2027000000.0,2801000000.0,38769000000.0,30592000000.0,15740000000.0,2952000000.0,7399000000.0,3373000000.0,2867000000.0,-372000000.0,-1608000000.0,126.70861440991598
QCOM,2021-09-30,9336000000.0,2902000000.0,2798000000.0,3848000000.0,41240000000.0,31290000000.0,15745000000.0,3579000000.0,7116000000.0,1077000000.0,647000000.0,50000000.0,-1402000000.0,133.64186811447144
QCOM,2021-12-31,10705000000.0,3864000000.0,3399000000.0,4410000000.0,42820000000.0,31487000000.0,15750000000.0,4032000000.0,6607000000.0,2057000000.0,1474000000.0,-112000000.0,-2446000000.0,151.50600457191467
QCOM,2022-03-31,11164000000.0,3858000000.0,2934000000.0,3988000000.0,44302000000.0,30974000000.0,15680000000.0,4084000000.0,7173000000.0,2698000000.0,2207000000.0,-526000000.0,-1598000000.0,159.3139390022524
ROP,2003-03-31,165527000.0,25854000.0,14130000.0,24526000.0,855685000.0,444616000.0,324777000.0,130016000.0,22972000.0,23390000.0,21655000.0,-2241000.0,-13260000.0,14.455543690040464
ROP,2003-06-30,165627000.0,27978000.0,15233000.0,26551000.0,855583000.0,422440000.0,309273000.0,122402000.0,23994000.0,21783000.0,19628000.0,-3419000.0,-18112000.0,14.817688472687252
ROP,2003-09-30,172064000.0,32521000.0,17873000.0,26352000.0,835677000.0,393949000.0,288487000.0,120344000.0,14510000.0,21300000.0,18000000.0,-5300000.0,-28500000.0,18.325664401054382
ROP,2003-12-31,169794000.0,29304000.0,1897000.0,4614000.0,1514995000.0,859214000.0,651109000.0,150856000.0,70234000.0,13523000.0,11185000.0,-495889000.0,536763000.0,21.568960279226303
ROP,2004-03-31,220640000.0,32972000.0,18134000.0,35796000.0,1522945000.0,823697000.0,624309000.0,157180000.0,82357000.0,25583000.0,23037000.0,-15071000.0,2213000.0,21.932899536625037
ROP,2004-06-30,232434000.0,40708000.0,23550000.0,43791000.0,1545255000.0,822874000.0,619448000.0,161833000.0,74733000.0,40358000.0,37779000.0,-42872000.0,-5013000.0,22.74682881755213
ROP,2004-09-30,240141000.0,45420000.0,27382000.0,48292000.0,1573138000.0,817632000.0,615697000.0,169592000.0,102416000.0,35618000.0,32635000.0,-5547000.0,-3083000.0,24.683899849653244
ROP,2004-12-31,276549000.0,52202000.0,24786000.0,47224000.0,2366404000.0,1252318000.0,891891000.0,242014000.0,129419000.0,63266000.0,59233000.0,-594909000.0,554255000.0,27.2711620926857
ROP,2005-03-31,333837000.0,51864000.0,28011000.0,59227000.0,2356074000.0,1223091000.0,880877000.0,245668000.0,98225000.0,38623000.0,33561000.0,-58553000.0,-8615000.0,28.062446906918385
ROP,2005-06-30,361564000.0,62392000.0,35562000.0,68630000.0,2449651000.0,1288172000.0,919239000.0,249062000.0,68399000.0,62760000.0,57322000.0,-130922000.0,41261000.0,30.630981117486957
ROP,2005-09-30,365164000.0,69776000.0,39194000.0,77341000.0,2424114000.0,1222527000.0,863730000.0,254973000.0,79096000.0,74542000.0,68983000.0,-8684000.0,-55131000.0,34.315676003694534
ROP,2005-12-31,393166000.0,80867000.0,50408000.0,86688000.0,2522306000.0,1272518000.0,894271000.0,257210000.0,53116000.0,105376000.0,96673000.0,-157711000.0,27868000.0,34.30463545663016
ROP,2006-03-31,382723000.0,67476000.0,37686000.0,75558000.0,2533505000.0,1234534000.0,864775000.0,250853000.0,67157000.0,57330000.0,47558000.0,-16520000.0,-27177000.0,38.33728562631914
ROP,2006-06-30,425310000.0,85392000.0,48093000.0,94502000.0,2626744000.0,1265291000.0,869112000.0,277041000.0,53383000.0,48426000.0,41391000.0,-64611000.0,1080000.0,42.40613943433005
ROP,2006-09-30,427217000.0,87520000.0,50814000.0,97584000.0,2679878000.0,1260399000.0,855530000.0,304385000.0,40878000.0,47777000.0,41037000.0,-47193000.0,-13551000.0,40.59622549632239
ROP,2006-12-31,465484000.0,97265000.0,56731000.0,107272000.0,2995359000.0,1508520000.0,1026792000.0,324514000.0,69478000.0,109005000.0,100399000.0,-258341000.0,177939000.0,43.97575336032443
ROP,2007-03-31,478427000.0,92851000.0,51434000.0,101756000.0,3112780000.0,1574450000.0,1056029000.0,319249000.0,80442000.0,57088000.0,51032000.0,-76117000.0,29357000.0,47.20447840456103
ROP,2007-06-30,530636000.0,107956000.0,61229000.0,117005000.0,3204305000.0,1580892000.0,1050280000.0,330824000.0,120104000.0,78464000.0,71795000.0,-40128000.0,-175000.0,50.92921441698831
ROP,2007-09-30,532902000.0,113738000.0,65140000.0,124146000.0,3252068000.0,1538877000.0,978345000.0,364751000.0,125931000.0,91419000.0,84553000.0,-13229000.0,-76224000.0,56.19459303598556
ROP,2007-12-31,560084000.0,123809000.0,72230000.0,133930000.0,3453184000.0,1663378000.0,1058592000.0,420026000.0,308768000.0,116836000.0,106320000.0,-12914000.0,76590000.0,58.94489347934723
ROP,2008-03-31,542995000.0,108266000.0,63582000.0,121339000.0,3761704000.0,1885936000.0,1215958000.0,436423000.0,151200000.0,71593000.0,65213000.0,-384847000.0,152385000.0,50.61830726998751
ROP,2008-06-30,594414000.0,126541000.0,75673000.0,140870000.0,3762483000.0,1804963000.0,1145717000.0,453958000.0,146186000.0,95703000.0,87747000.0,-31468000.0,-68662000.0,57.5668221116066
ROP,2008-09-30,593100000.0,132299000.0,75199000.0,141732000.0,4073431000.0,2063339000.0,1346350000.0,466066000.0,156272000.0,138243000.0,131792000.0,-310491000.0,187626000.0,54.76985055208206
ROP,2008-12-31,575862000.0,119055000.0,72061000.0,135122000.0,3971538000.0,1967800000.0,1267516000.0,438023000.0,178069000.0,128899000.0,119639000.0,-12488000.0,-83430000.0,38.5802161693573
ROP,2009-03-31,505444000.0,86792000.0,51559000.0,112662000.0,3920868000.0,1881027000.0,1234050000.0,407331000.0,177509000.0,50577000.0,45349000.0,-6874000.0,-40894000.0,38.32740001991147
ROP,2009-06-30,504910000.0,95964000.0,59588000.0,124734000.0,3959650000.0,1814412000.0,1163232000.0,382837000.0,220826000.0,110285000.0,103154000.0,1281000.0,-76958000.0,41.13401770213294
ROP,2009-09-30,485676000.0,91872000.0,56410000.0,117257000.0,4001821000.0,1779346000.0,1124209000.0,384303000.0,256024000.0,86987000.0,80638000.0,-7380000.0,-48691000.0,43.52639138698578
ROP,2009-12-31,553638000.0,120768000.0,71924000.0,147107000.0,4327736000.0,1906246000.0,1153758000.0,438811000.0,167708000.0,119650000.0,112473000.0,-361219000.0,152946000.0,48.04120343923569
ROP,2010-03-31,534441000.0,100716000.0,59725000.0,129667000.0,4289561000.0,1841395000.0,1118247000.0,416635000.0,191285000.0,95086000.0,88601000.0,-18644000.0,-48047000.0,50.06747699174725
ROP,2010-06-30,567104000.0,119187000.0,71281000.0,145476000.0,4387327000.0,1879850000.0,1128428000.0,428008000.0,290740000.0,110269000.0,102641000.0,-7967000.0,-518000.0,54.83327817159986
ROP,2010-09-30,605088000.0,128233000.0,84263000.0,163115000.0,5056127000.0,2419752000.0,1476530000.0,455251000.0,250813000.0,139063000.0,132785000.0,-528378000.0,341884000.0,56.29199677705765
ROP,2010-12-31,679479000.0,166158000.0,107311000.0,199690000.0,5069524000.0,2318617000.0,1341045000.0,478957000.0,270394000.0,155122000.0,146922000.0,-8285000.0,-125710000.0,66.7045938372612
ROP,2011-03-31,645309000.0,142000000.0,88979000.0,177021000.0,5096894000.0,2214765000.0,1241787000.0,492443000.0,261447000.0,86584000.0,77771000.0,-9011000.0,-96082000.0,75.20499469387916
ROP,2011-06-30,699871000.0,163970000.0,106311000.0,206034000.0,5263992000.0,2280438000.0,1246013000.0,512229000.0,196027000.0,155933000.0,145356000.0,-215229000.0,-5861000.0,77.1775132436601
ROP,2011-09-30,712705000.0,167215000.0,110281000.0,203499000.0,5258438000.0,2189775000.0,1174490000.0,495099000.0,246454000.0,166557000.0,156804000.0,-32232000.0,-80011000.0,70.33199352025986
ROP,2011-12-31,739204000.0,187354000.0,121676000.0,222224000.0,5319417000.0,2124321000.0,1085016000.0,502963000.0,338101000.0,192544000.0,180985000.0,-19277000.0,-74725000.0,75.7790888831729
ROP,2012-03-31,711066000.0,170304000.0,108309000.0,205281000.0,5430782000.0,2098438000.0,1077679000.0,481196000.0,451718000.0,141457000.0,131449000.0,-28796000.0,-2274000.0,88.36625043807491
ROP,2012-06-30,724872000.0,178784000.0,114813000.0,213982000.0,5502181000.0,2088170000.0,1069241000.0,513195000.0,518898000.0,119326000.0,108802000.0,-28064000.0,-17363000.0,92.83765907893104
ROP,2012-09-30,747641000.0,183257000.0,116708000.0,220395000.0,7049638000.0,3463020000.0,2104779000.0,560045000.0,355109000.0,205431000.0,196727000.0,-1417271000.0,1039631000.0,95.6208035908048
ROP,2012-12-31,809910000.0,225242000.0,143530000.0,269296000.0,7071104000.0,3383378000.0,2022122000.0,598601000.0,370590000.0,211638000.0,202469000.0,-31414000.0,-166124000.0,103.01452895133724
ROP,2013-03-31,737135000.0,185177000.0,124914000.0,226126000.0,7052990000.0,3270814000.0,1919773000.0,568809000.0,430022000.0,171268000.0,160063000.0,-13210000.0,-88804000.0,113.131867090861
ROP,2013-06-30,784010000.0,179746000.0,111353000.0,229377000.0,8213742000.0,4324194000.0,2758223000.0,631891000.0,374571000.0,139739000.0,129055000.0,-1014878000.0,819716000.0,114.95616137981416
ROP,2013-09-30,827810000.0,219349000.0,136323000.0,268701000.0,8245575000.0,4182762000.0,2605857000.0,590659000.0,459980000.0,255766000.0,244306000.0,-18617000.0,-161392000.0,120.71239614486694
ROP,2013-12-31,889173000.0,258089000.0,165703000.0,307155000.0,8184981000.0,3971931000.0,2464852000.0,606020000.0,459720000.0,235780000.0,226601000.0,-69158000.0,-165887000.0,122.31292843818665
ROP,2014-03-31,834052000.0,223400000.0,147226000.0,273523000.0,8189703000.0,3832458000.0,2315066000.0,609355000.0,502885000.0,212628000.0,202150000.0,-12516000.0,-154631000.0,128.30067643962923
ROP,2014-06-30,885175000.0,246666000.0,157361000.0,294617000.0,8262146000.0,3714131000.0,2244793000.0,625166000.0,565282000.0,140502000.0,130420000.0,-10244000.0,-71714000.0,131.6991918654669
ROP,2014-09-30,884122000.0,245658000.0,155510000.0,296247000.0,8510266000.0,3862042000.0,2369548000.0,631858000.0,564112000.0,226102000.0,216827000.0,-317633000.0,112873000.0,138.93664813041687
ROP,2014-12-31,946145000.0,283749000.0,185936000.0,332990000.0,8412934000.0,3657574000.0,2214123000.0,607947000.0,610430000.0,261209000.0,253400000.0,-7712000.0,-184632000.0,145.1245641708374
ROP,2015-03-31,865281000.0,246896000.0,155773000.0,294525000.0,8974622000.0,4167227000.0,2625441000.0,606785000.0,615493000.0,260399000.0,250449000.0,-603123000.0,386144000.0,153.52895167616546
ROP,2015-06-30,889541000.0,251974000.0,171280000.0,300321000.0,9034096000.0,4014747000.0,2524707000.0,589598000.0,678571000.0,172549000.0,161826000.0,-11205000.0,-112903000.0,164.41504632859002
ROP,2015-09-30,883933000.0,250371000.0,160417000.0,300667000.0,9432999000.0,4304094000.0,2798978000.0,594970000.0,700578000.0,226619000.0,219789000.0,-442323000.0,256091000.0,157.147456407547
ROP,2015-12-31,943640000.0,278677000.0,208597000.0,395318000.0,10168365000.0,4869418000.0,3271222000.0,610313000.0,778511000.0,269258000.0,260501000.0,-641681000.0,466910000.0,174.52416825294495
ROP,2016-03-31,902423000.0,244991000.0,151416000.0,304113000.0,10224408000.0,4783173000.0,3111705000.0,635362000.0,523033000.0,207072000.0,197583000.0,-273956000.0,-190182000.0,164.29281165951588
ROP,2016-06-30,931558000.0,253078000.0,158069000.0,311264000.0,10297118000.0,4746101000.0,3092149000.0,628490000.0,622294000.0,169760000.0,160901000.0,-19281000.0,-41795000.0,167.07537531852722
ROP,2016-09-30,945144000.0,267390000.0,167079000.0,325188000.0,10480128000.0,4767621000.0,3089053000.0,617115000.0,882270000.0,316541000.0,307956000.0,-10381000.0,-47318000.0,166.88991951942444
ROP,2016-12-31,1010800000.0,289104000.0,182081000.0,352099000.0,14324927000.0,8536062000.0,6209536000.0,781498000.0,757200000.0,270412000.0,257239000.0,-3449238000.0,3084558000.0,171.9080631316654
ROP,2017-03-31,1086305000.0,258256000.0,158071000.0,342584000.0,14230054000.0,8259264000.0,5840772000.0,693427000.0,730666000.0,378217000.0,360118000.0,-21319000.0,-397085000.0,192.5605906824912
ROP,2017-06-30,1134671000.0,294258000.0,179556000.0,387322000.0,14213288000.0,8012802000.0,5642400000.0,723306000.0,663344000.0,171875000.0,159452000.0,-40743000.0,-221287000.0,213.0099421909877
ROP,2017-09-30,1159912000.0,310747000.0,190273000.0,396912000.0,14246673000.0,7787689000.0,5334255000.0,761726000.0,605616000.0,315641000.0,302222000.0,-66267000.0,-331803000.0,226.3479478624132
ROP,2017-12-31,1226583000.0,346983000.0,443872000.0,433436000.0,14316413000.0,7452849000.0,5155555000.0,809661000.0,671327000.0,368749000.0,353154000.0,-81247000.0,-219842000.0,247.7139037601532
ROP,2018-03-31,1202500000.0,300200000.0,211300000.0,386400000.0,14074100000.0,6918600000.0,4622000000.0,835000000.0,366200000.0,281700000.0,270100000.0,-51500000.0,-551600000.0,266.6612711421779
ROP,2018-06-30,1293700000.0,354300000.0,228400000.0,446900000.0,15361000000.0,8058100000.0,5623400000.0,897200000.0,421800000.0,266100000.0,250200000.0,-1159100000.0,968000000.0,266.9917414188385
ROP,2018-09-30,1318700000.0,377500000.0,247600000.0,454700000.0,15245100000.0,7690200000.0,5215900000.0,896600000.0,363400000.0,418200000.0,404300000.0,-19800000.0,-457200000.0,285.8953368171813
ROP,2018-12-31,1376300000.0,364400000.0,257100000.0,459500000.0,15249500000.0,7511000000.0,4941700000.0,891900000.0,364400000.0,464100000.0,446900000.0,-104700000.0,-347300000.0,274.4990600101532
ROP,2019-03-31,1287200000.0,346400000.0,369600000.0,557500000.0,15414100000.0,7276700000.0,4488700000.0,842200000.0,392500000.0,290300000.0,272500000.0,197200000.0,-464300000.0,295.16864388888
ROP,2019-06-30,1330300000.0,368400000.0,249700000.0,465600000.0,15908300000.0,7557300000.0,4721000000.0,939100000.0,320800000.0,300800000.0,285800000.0,-551300000.0,181400000.0,345.58025832403274
ROP,2019-09-30,1354500000.0,385200000.0,277500000.0,493000000.0,17819100000.0,9247800000.0,6198000000.0,930300000.0,323000000.0,404500000.0,387400000.0,-1829700000.0,1435000000.0,354.04266023635864
ROP,2019-12-31,1394800000.0,398400000.0,871100000.0,1313900000.0,18108900000.0,8617000000.0,5275300000.0,993600000.0,709700000.0,466200000.0,453200000.0,887800000.0,-975100000.0,337.19546604156494
ROP,2020-03-31,1350700000.0,349200000.0,240300000.0,464600000.0,18137800000.0,8546500000.0,5276600000.0,956600000.0,999800000.0,363900000.0,353400000.0,-17000000.0,-38700000.0,346.40150033274006
ROP,2020-06-30,1305000000.0,333600000.0,219200000.0,445100000.0,19142300000.0,9262600000.0,5866400000.0,987600000.0,1870800000.0,449100000.0,438900000.0,-160500000.0,571600000.0,350.81945074172245
ROP,2020-09-30,1366100000.0,367600000.0,234400000.0,495400000.0,23652000000.0,13491100000.0,9704000000.0,1066400000.0,302100000.0,137900000.0,125800000.0,-5515500000.0,3803500000.0,407.70037031173706
ROP,2020-12-31,1505300000.0,380700000.0,255800000.0,543900000.0,24024100000.0,13545000000.0,9631600000.0,1126600000.0,308300000.0,574200000.0,558100000.0,-380900000.0,-199500000.0,403.1986002922058
ROP,2021-03-31,1528600000.0,400500000.0,289000000.0,588800000.0,23871100000.0,13105400000.0,9073900000.0,1073200000.0,331000000.0,559600000.0,543300000.0,10700000.0,-545200000.0,394.5571779344903
ROP,2021-06-30,1587600000.0,418000000.0,286300000.0,580000000.0,23833700000.0,12744500000.0,8701900000.0,1107500000.0,337800000.0,425500000.0,409300000.0,-32900000.0,-389400000.0,435.22505357530383
ROP,2021-09-30,1462800000.0,403500000.0,289500000.0,586100000.0,23728100000.0,12385800000.0,8329100000.0,878500000.0,352500000.0,447300000.0,435000000.0,-20200000.0,-406300000.0,472.1988582611084
ROP,2021-12-31,1512300000.0,320600000.0,287800000.0,565600000.0,23713900000.0,12150100000.0,7973200000.0,962400000.0,351500000.0,579500000.0,561700000.0,-100500000.0,-472600000.0,469.71421241760254
ROP,2022-03-31,1526600000.0,421100000.0,2020500000.0,2311200000.0,25635800000.0,12083900000.0,7454300000.0,884500000.0,3237500000.0,475300000.0,460700000.0,2938200000.0,-520200000.0,444.60013801820816
SNPS,2003-03-31,292028000.0,31411000.0,22289000.0,85898000.0,2064352000.0,865512000.0,28000.0,246006000.0,268822000.0,31462000.0,19244000.0,-21260000.0,25153000.0,20.488688578371143
SNPS,2003-06-30,300366000.0,62719000.0,48475000.0,114925000.0,2169250000.0,871508000.0,28000.0,201802000.0,426284000.0,120045000.0,112558000.0,-167836000.0,-29529000.0,26.99317462860592
SNPS,2003-09-30,316453000.0,61039000.0,44575000.0,109428000.0,2307353000.0,873943000.0,0.0,273122000.0,524308000.0,125672000.0,111834000.0,-26030000.0,57414000.0,32.31312492489815
SNPS,2003-12-31,285264000.0,44678000.0,32152000.0,91839000.0,2231411000.0,818675000.0,0.0,265857000.0,412728000.0,114355000.0,97750000.0,-43202000.0,21144000.0,31.03546875715256
SNPS,2004-03-31,294604000.0,37575000.0,28739000.0,86542000.0,2238473000.0,842587000.0,0.0,270182000.0,456123000.0,11319000.0,-3661000.0,-47720000.0,-74802000.0,32.82258052210654
SNPS,2004-06-30,281681000.0,41773000.0,41828000.0,91308000.0,2221556000.0,808014000.0,0.0,192229000.0,499234000.0,90398000.0,81249000.0,-335000.0,-45540000.0,28.64500005783573
SNPS,2004-09-30,230555000.0,-34710000.0,-28382000.0,14677000.0,2092187000.0,827138000.0,0.0,178841000.0,346709000.0,128753000.0,117809000.0,-60548000.0,-26102000.0,20.09812502563
SNPS,2004-12-31,241304000.0,-24353000.0,-14325000.0,31328000.0,2145122000.0,934791000.0,0.0,154550000.0,376367000.0,33567000.0,23635000.0,-63430000.0,-120143000.0,17.36203120648861
SNPS,2005-03-31,244339000.0,-20328000.0,-4972000.0,31624000.0,2102297000.0,930066000.0,0.0,181329000.0,343129000.0,142075000.0,135745000.0,-72785000.0,-37892000.0,17.88180329369717
SNPS,2005-06-30,251450000.0,-6311000.0,17294000.0,68391000.0,2122463000.0,920289000.0,0.0,155195000.0,319954000.0,-11467000.0,-26573000.0,8970000.0,-30039000.0,17.42937508225441
SNPS,2005-09-30,254838000.0,-1992000.0,-13475000.0,35925000.0,2141476000.0,922540000.0,0.0,148548000.0,404436000.0,64247000.0,50955000.0,-92387000.0,3967000.0,18.16515627503395
SNPS,2005-12-31,260189000.0,1231000.0,1697000.0,32755000.0,2070031000.0,900174000.0,0.0,132221000.0,314498000.0,74335000.0,65500000.0,-15273000.0,24193000.0,19.48698407127744
SNPS,2006-03-31,274779000.0,8111000.0,5375000.0,37388000.0,2131760000.0,933285000.0,0.0,186548000.0,294931000.0,19801000.0,12262000.0,-39516000.0,-70549000.0,21.82677419724003
SNPS,2006-06-30,277208000.0,13153000.0,7550000.0,43146000.0,2065381000.0,908842000.0,0.0,157129000.0,269717000.0,26877000.0,9757000.0,-56567000.0,9951000.0,20.51761905730717
SNPS,2006-09-30,283384000.0,11434000.0,10120000.0,44920000.0,2157822000.0,994655000.0,0.0,165122000.0,330759000.0,59465000.0,47653000.0,-22344000.0,-65807000.0,18.46746029929509
SNPS,2006-12-31,300210000.0,19822000.0,23357000.0,54935000.0,2275764000.0,1007904000.0,0.0,182568000.0,377156000.0,99747000.0,84811000.0,-35350000.0,-4021000.0,23.422698338826496
SNPS,2007-03-31,292928000.0,37348000.0,41265000.0,82513000.0,2351004000.0,1037380000.0,0.0,208389000.0,461074000.0,56065000.0,43772000.0,-73325000.0,63513000.0,26.30295084343582
SNPS,2007-06-30,304098000.0,22998000.0,24855000.0,58995000.0,2455046000.0,1137091000.0,0.0,248452000.0,435854000.0,88166000.0,74347000.0,8080000.0,-14667000.0,27.301904859996977
SNPS,2007-09-30,315233000.0,37876000.0,41014000.0,74723000.0,2617337000.0,1180944000.0,0.0,166425000.0,579327000.0,116101000.0,103678000.0,-104984000.0,-37982000.0,26.02888888404483
SNPS,2007-12-31,315465000.0,53839000.0,46445000.0,85502000.0,2464871000.0,1024945000.0,0.0,182738000.0,428055000.0,173146000.0,164392000.0,-75340000.0,46000000.0,26.2206249833107
SNPS,2008-03-31,324553000.0,49937000.0,39387000.0,74999000.0,2430159000.0,995333000.0,0.0,214717000.0,574889000.0,-51181000.0,-61611000.0,-35082000.0,-70768000.0,23.12245894260094
SNPS,2008-06-30,344128000.0,50032000.0,57749000.0,76270000.0,2658857000.0,1128453000.0,0.0,194846000.0,545489000.0,35038000.0,24562000.0,173041000.0,-63787000.0,24.155000001192093
SNPS,2008-09-30,352805000.0,65304000.0,46397000.0,79328000.0,2742478000.0,1214107000.0,0.0,197224000.0,577632000.0,231346000.0,42620000.0,-278555000.0,19650000.0,22.641250014305115
SNPS,2008-12-31,339755000.0,67572000.0,52429000.0,95089000.0,2636658000.0,1032543000.0,0.0,199617000.0,470165000.0,115885000.0,283774000.0,-60490000.0,-28937000.0,17.25828130543232
SNPS,2009-03-31,336835000.0,54668000.0,48288000.0,89423000.0,2696051000.0,1002105000.0,0.0,236766000.0,506399000.0,-81926000.0,-90904000.0,-32323000.0,660000.0,19.103278801089427
SNPS,2009-06-30,345177000.0,61089000.0,47436000.0,91326000.0,2877744000.0,1114826000.0,0.0,180851000.0,622281000.0,24711000.0,17470000.0,-7415000.0,25008000.0,20.37666656857445
SNPS,2009-09-30,338278000.0,24922000.0,19528000.0,58685000.0,2938854000.0,1094688000.0,0.0,178201000.0,701613000.0,232464000.0,221821000.0,-122372000.0,1913000.0,20.648437440395355
SNPS,2009-12-31,330167000.0,55092000.0,132786000.0,82994000.0,2909765000.0,939022000.0,0.0,184299000.0,626490000.0,63910000.0,48721000.0,-29792000.0,41871000.0,22.387343734502792
SNPS,2010-03-31,338106000.0,44968000.0,39549000.0,78439000.0,3005336000.0,947175000.0,0.0,185948000.0,669431000.0,-45417000.0,-54174000.0,-13160000.0,-17868000.0,22.02229506070497
SNPS,2010-06-30,336929000.0,50793000.0,39327000.0,69301000.0,3114649000.0,1064839000.0,0.0,175150000.0,883441000.0,81645000.0,75199000.0,-76013000.0,39475000.0,22.186984047057138
SNPS,2010-09-30,375459000.0,33257000.0,25401000.0,69125000.0,3286541000.0,1186359000.0,0.0,199527000.0,775407000.0,207916000.0,193410000.0,64343000.0,-63232000.0,22.76078125834465
SNPS,2010-12-31,364644000.0,46662000.0,48226000.0,84008000.0,3213288000.0,1055415000.0,0.0,200523000.0,700612000.0,96892000.0,84526000.0,-213903000.0,-1437000.0,25.805624961853027
SNPS,2011-03-31,393670000.0,51685000.0,81114000.0,90581000.0,3209469000.0,1062071000.0,0.0,238764000.0,694032000.0,-39633000.0,-50563000.0,-18579000.0,-13188000.0,27.4175806660806
SNPS,2011-06-30,386795000.0,58179000.0,52082000.0,87928000.0,3368638000.0,1247131000.0,0.0,196863000.0,889886000.0,96488000.0,85306000.0,7160000.0,-114264000.0,26.6207936302064
SNPS,2011-09-30,390534000.0,56317000.0,39942000.0,85146000.0,3367334000.0,1266034000.0,0.0,228669000.0,855077000.0,310435000.0,287442000.0,-27666000.0,-92299000.0,24.51234379410744
SNPS,2011-12-31,425496000.0,70003000.0,56694000.0,105794000.0,3299000000.0,1127195000.0,0.0,236132000.0,811339000.0,73026000.0,57901000.0,-49734000.0,-57868000.0,26.75111098516555
SNPS,2012-03-31,432561000.0,17136000.0,20971000.0,66386000.0,3744482000.0,1454506000.0,250000000.0,265172000.0,796594000.0,-39318000.0,-51069000.0,-1514000.0,25000.0,29.57241941267444
SNPS,2012-06-30,443747000.0,63395000.0,75656000.0,101299000.0,3869271000.0,1478171000.0,142500000.0,228629000.0,963767000.0,126774000.0,117401000.0,-436185000.0,298111000.0,29.31015877496629
SNPS,2012-09-30,454213000.0,39490000.0,29081000.0,84496000.0,4147656000.0,1603685000.0,135000000.0,309935000.0,700382000.0,295680000.0,281778000.0,-33286000.0,-93413000.0,31.711428475758385
SNPS,2012-12-31,475137000.0,60981000.0,69922000.0,119258000.0,4020546000.0,1418387000.0,127500000.0,293084000.0,550365000.0,102932000.0,80465000.0,-408138000.0,38765000.0,32.31564506407707
SNPS,2013-03-31,499257000.0,79503000.0,68691000.0,134253000.0,4098888000.0,1399956000.0,120000000.0,271860000.0,681018000.0,-91438000.0,-106243000.0,-14805000.0,-36417000.0,34.02483326594035
SNPS,2013-06-30,482945000.0,54995000.0,52297000.0,106178000.0,4288472000.0,1552342000.0,112500000.0,297230000.0,892370000.0,133730000.0,117322000.0,-14186000.0,15457000.0,35.5218750834465
SNPS,2013-09-30,504875000.0,51014000.0,56890000.0,105076000.0,4358935000.0,1570658000.0,105000000.0,274303000.0,1022441000.0,263078000.0,243986000.0,-19092000.0,-31270000.0,37.04843747615814
SNPS,2013-12-31,478951000.0,60156000.0,67696000.0,115255000.0,4192156000.0,1368941000.0,97500000.0,265916000.0,893053000.0,191335000.0,172572000.0,-17996000.0,-45755000.0,37.4251561164856
SNPS,2014-03-31,517697000.0,63834000.0,63317000.0,116512000.0,4560536000.0,1641417000.0,290000000.0,340847000.0,821633000.0,-73892000.0,-90047000.0,-9364000.0,-41025000.0,40.12754108866707
SNPS,2014-06-30,521812000.0,67227000.0,65656000.0,120651000.0,4544929000.0,1548876000.0,82500000.0,257407000.0,903046000.0,111803000.0,96182000.0,-383073000.0,198401000.0,38.14619076441205
SNPS,2014-09-30,539012000.0,57500000.0,62455000.0,114445000.0,4775499000.0,1719329000.0,75000000.0,353223000.0,985762000.0,340130000.0,311009000.0,-37660000.0,-220034000.0,39.64421850442886
SNPS,2014-12-31,542043000.0,71499000.0,65189000.0,127797000.0,4662349000.0,1725328000.0,302500000.0,311096000.0,796824000.0,172912000.0,126896000.0,-67153000.0,-11031000.0,41.52312505245209
SNPS,2015-03-31,557204000.0,75927000.0,55596000.0,136210000.0,4756167000.0,1691169000.0,220000000.0,371411000.0,868845000.0,-87343000.0,-107859000.0,-140931000.0,57805000.0,44.76688528842613
SNPS,2015-06-30,555805000.0,61482000.0,55387000.0,118276000.0,4953972000.0,1815724000.0,212500000.0,344169000.0,986423000.0,155079000.0,129751000.0,-43339000.0,-39339000.0,48.68269844660684
SNPS,2015-09-30,587159000.0,57558000.0,49762000.0,113961000.0,5045739000.0,1911750000.0,205000000.0,432426000.0,836188000.0,275007000.0,250345000.0,-149466000.0,-5092000.0,49.10062491893768
SNPS,2015-12-31,568604000.0,71110000.0,60035000.0,121451000.0,4747523000.0,1757140000.0,227500000.0,403316000.0,582986000.0,152417000.0,132276000.0,-225893000.0,-75444000.0,48.36031264066696
SNPS,2016-03-31,605005000.0,86806000.0,69376000.0,148861000.0,4965263000.0,1815258000.0,250000000.0,347473000.0,827946000.0,-35170000.0,-51427000.0,-29481000.0,-182255000.0,44.13049160066198
SNPS,2016-06-30,615204000.0,76722000.0,64718000.0,137027000.0,5108789000.0,1988043000.0,277500000.0,368530000.0,946317000.0,222434000.0,207818000.0,-49216000.0,63488000.0,50.13578134775162
SNPS,2016-09-30,633719000.0,82757000.0,72697000.0,133012000.0,5240365000.0,2045219000.0,205000000.0,494964000.0,976620000.0,251709000.0,231374000.0,-46922000.0,-86854000.0,56.78484398126602
SNPS,2016-12-31,652786000.0,96874000.0,86588000.0,159133000.0,5264254000.0,1939569000.0,319540000.0,386580000.0,827709000.0,147662000.0,127830000.0,-17056000.0,-101316000.0,59.50476189265176
SNPS,2017-03-31,680069000.0,53606000.0,53306000.0,111460000.0,5466558000.0,2089063000.0,417689000.0,429275000.0,991325000.0,46882000.0,27671000.0,-202789000.0,15877000.0,66.92193572751937
SNPS,2017-06-30,695381000.0,105370000.0,116751000.0,162179000.0,5678939000.0,2255771000.0,435838000.0,467012000.0,1154986000.0,122975000.0,108925000.0,-15666000.0,50962000.0,73.56317441425627
SNPS,2017-09-30,696644000.0,91713000.0,-120082000.0,147072000.0,5396414000.0,2116690000.0,143987000.0,499401000.0,1048356000.0,279854000.0,259758000.0,-26544000.0,-92729000.0,77.57904767233228
SNPS,2017-12-31,769426000.0,107718000.0,-3691000.0,166866000.0,5717549000.0,2576916000.0,572135000.0,543631000.0,605892000.0,184854000.0,164657000.0,55717000.0,-347230000.0,86.51349203927177
SNPS,2018-03-31,776836000.0,127014000.0,102472000.0,176088000.0,5699071000.0,2438674000.0,524347000.0,615281000.0,570801000.0,-59365000.0,-88488000.0,-625018000.0,230364000.0,87.85180313860783
SNPS,2018-06-30,779714000.0,63968000.0,79409000.0,129867000.0,5795215000.0,2631213000.0,621558000.0,545709000.0,741236000.0,63430000.0,42181000.0,-54780000.0,-37959000.0,87.15359401702881
SNPS,2018-09-30,795082000.0,61525000.0,254328000.0,115536000.0,6145974000.0,2660959000.0,469304000.0,630742000.0,723115000.0,289206000.0,266395000.0,-26112000.0,-83060000.0,95.32158709329272
SNPS,2018-12-31,820401000.0,147414000.0,153514000.0,203439000.0,6344486000.0,2559821000.0,541870000.0,817839000.0,592305000.0,130961000.0,102218000.0,-37615000.0,-104207000.0,88.84412662566655
SNPS,2019-03-31,836242000.0,115502000.0,118210000.0,188769000.0,6194223000.0,2278788000.0,291844000.0,586544000.0,631161000.0,-144019000.0,-173763000.0,-29744000.0,38086000.0,99.09754105864978
SNPS,2019-06-30,852970000.0,127594000.0,99929000.0,184417000.0,6153408000.0,2213739000.0,141938000.0,487141000.0,686780000.0,352820000.0,312111000.0,-36533000.0,-275656000.0,120.28603217715307
SNPS,2019-09-30,851081000.0,129721000.0,160714000.0,182217000.0,6405160000.0,2316284000.0,137707000.0,578750000.0,728597000.0,370463000.0,316313000.0,-51965000.0,-264747000.0,135.2085942029953
SNPS,2019-12-31,834381000.0,87516000.0,104061000.0,153408000.0,7202903000.0,3048213000.0,331092000.0,821025000.0,700356000.0,221249000.0,143464000.0,-117635000.0,-59575000.0,137.17609524726868
SNPS,2020-03-31,861327000.0,125895000.0,109920000.0,164858000.0,7322466000.0,3041517000.0,235782000.0,653616000.0,856424000.0,9820000.0,-45850000.0,-133558000.0,93480000.0,142.23096835228705
SNPS,2020-06-30,964134000.0,210598000.0,252911000.0,291873000.0,7663250000.0,3061933000.0,131352000.0,659449000.0,1049922000.0,379919000.0,352796000.0,-103175000.0,-114171000.0,165.04476238432386
SNPS,2020-09-30,1025439000.0,196132000.0,197455000.0,244046000.0,8030062000.0,3117695000.0,127907000.0,813064000.0,1235653000.0,399423000.0,358947000.0,-88192000.0,-130785000.0,203.58578085899356
SNPS,2020-12-31,970321000.0,148348000.0,162345000.0,228788000.0,8012838000.0,3125940000.0,123079000.0,814510000.0,1023074000.0,202151000.0,166658000.0,-35493000.0,10870000.0,230.6345307826996
SNPS,2021-03-31,1024323000.0,194231000.0,195078000.0,266516000.0,8339565000.0,3247060000.0,692128000.0,644942000.0,1457918000.0,173958000.0,145168000.0,-103460000.0,-293064000.0,253.95491953365135
SNPS,2021-06-30,1057130000.0,201923000.0,198646000.0,265556000.0,8485906000.0,3330770000.0,674085000.0,613569000.0,1385395000.0,526338000.0,509804000.0,-17290000.0,-70673000.0,253.798094007704
SNPS,2021-09-30,1152419000.0,190288000.0,201447000.0,252854000.0,8752260000.0,3453317000.0,666767000.0,600912000.0,1432840000.0,421767000.0,398617000.0,-265122000.0,-225672000.0,303.5573434829712
SNPS,2021-12-31,1270255000.0,347036000.0,313687000.0,389774000.0,8901346000.0,3511113000.0,580605000.0,1038749000.0,1124299000.0,370559000.0,343293000.0,-163158000.0,-159339000.0,337.2321877479553
SNPS,2022-03-31,1279229000.0,363701000.0,293892000.0,390065000.0,9210381000.0,3599435000.0,680262000.0,722992000.0,1573620000.0,155744000.0,113499000.0,-68025000.0,-394597000.0,312.13838688019786
TXN,2003-03-31,2192000000.0,153000000.0,117000000.0,528000000.0,14395000000.0,3666000000.0,1000000000.0,1365000000.0,1089000000.0,196000000.0,64000000.0,3000000.0,-69000000.0,10.587063179641474
TXN,2003-06-30,2339000000.0,125000000.0,121000000.0,532000000.0,14634000000.0,3692000000.0,877000000.0,1440000000.0,1019000000.0,378000000.0,216000000.0,-264000000.0,-180000000.0,12.248617323618086
TXN,2003-09-30,2533000000.0,249000000.0,447000000.0,766000000.0,15086000000.0,3658000000.0,836000000.0,1522000000.0,943000000.0,510000000.0,277000000.0,-466000000.0,-113000000.0,13.742045760154724
TXN,2003-12-31,2770000000.0,438000000.0,513000000.0,952000000.0,15510000000.0,3646000000.0,832000000.0,1451000000.0,1818000000.0,1067000000.0,794000000.0,-115000000.0,-77000000.0,18.340838864445686
TXN,2004-03-31,2936000000.0,474000000.0,367000000.0,883000000.0,15785000000.0,3700000000.0,829000000.0,1678000000.0,1615000000.0,393000000.0,-8000000.0,-427000000.0,-168000000.0,19.97336590674616
TXN,2004-06-30,3241000000.0,592000000.0,441000000.0,1004000000.0,16050000000.0,3612000000.0,790000000.0,1930000000.0,1623000000.0,506000000.0,150000000.0,-393000000.0,-109000000.0,17.021321342837425
TXN,2004-09-30,3250000000.0,657000000.0,563000000.0,1109000000.0,16137000000.0,3241000000.0,383000000.0,1965000000.0,1674000000.0,942000000.0,612000000.0,-359000000.0,-534000000.0,13.673009410500526
TXN,2004-12-31,3153000000.0,484000000.0,490000000.0,974000000.0,16299000000.0,3236000000.0,379000000.0,1696000000.0,2668000000.0,1305000000.0,1094000000.0,18000000.0,-339000000.0,15.594506219029428
TXN,2005-03-31,2972000000.0,497000000.0,411000000.0,905000000.0,15045000000.0,3141000000.0,373000000.0,1696000000.0,1856000000.0,523000000.0,246000000.0,149000000.0,-1479000000.0,16.15293863953137
TXN,2005-06-30,3239000000.0,669000000.0,628000000.0,1083000000.0,14486000000.0,3023000000.0,361000000.0,1902000000.0,2133000000.0,827000000.0,570000000.0,668000000.0,-1227000000.0,17.295386478304863
TXN,2005-09-30,3590000000.0,815000000.0,631000000.0,1214000000.0,14984000000.0,3111000000.0,358000000.0,1915000000.0,1946000000.0,1514000000.0,1064000000.0,-1364000000.0,-335000000.0,21.03615975379944
TXN,2005-12-31,3592000000.0,810000000.0,655000000.0,1344000000.0,15063000000.0,3126000000.0,661000000.0,1812000000.0,1219000000.0,908000000.0,562000000.0,-1140000000.0,-499000000.0,20.713592438470748
TXN,2006-03-31,3334000000.0,718000000.0,585000000.0,1126000000.0,14038000000.0,2800000000.0,3260000000.0,1798000000.0,722000000.0,557000000.0,149000000.0,609000000.0,-1650000000.0,20.63215403403005
TXN,2006-06-30,3697000000.0,953000000.0,2387000000.0,2998000000.0,15928000000.0,3140000000.0,43000000.0,1929000000.0,1678000000.0,639000000.0,265000000.0,1485000000.0,-1165000000.0,21.245639165242512
TXN,2006-09-30,3761000000.0,930000000.0,702000000.0,1307000000.0,14785000000.0,2758000000.0,43000000.0,2089000000.0,1430000000.0,419000000.0,143000000.0,968000000.0,-1631000000.0,20.36585931929331
TXN,2006-12-31,3463000000.0,766000000.0,668000000.0,1121000000.0,13930000000.0,2570000000.0,43000000.0,1774000000.0,1183000000.0,845000000.0,631000000.0,29000000.0,-1122000000.0,19.95953965565515
TXN,2007-03-31,3191000000.0,680000000.0,516000000.0,1010000000.0,13750000000.0,2467000000.0,43000000.0,1756000000.0,965000000.0,554000000.0,375000000.0,-44000000.0,-727000000.0,20.280980970038744
TXN,2007-06-30,3424000000.0,809000000.0,610000000.0,1155000000.0,14020000000.0,2526000000.0,0.0,1897000000.0,1266000000.0,898000000.0,724000000.0,-127000000.0,-470000000.0,23.071077286251008
TXN,2007-09-30,3663000000.0,1013000000.0,776000000.0,1380000000.0,13724000000.0,2587000000.0,0.0,2023000000.0,807000000.0,1531000000.0,1379000000.0,-648000000.0,-1341000000.0,23.68253934951056
TXN,2007-12-31,3556000000.0,996000000.0,755000000.0,1233000000.0,12667000000.0,2692000000.0,0.0,1742000000.0,1328000000.0,1423000000.0,1242000000.0,1034000000.0,-1939000000.0,22.030983597040176
TXN,2008-03-31,3272000000.0,807000000.0,662000000.0,1091000000.0,12338000000.0,2481000000.0,0.0,1669000000.0,1450000000.0,641000000.0,422000000.0,391000000.0,-918000000.0,19.969494553863026
TXN,2008-06-30,3351000000.0,833000000.0,588000000.0,1105000000.0,12382000000.0,2398000000.0,0.0,1811000000.0,1317000000.0,519000000.0,249000000.0,-181000000.0,-473000000.0,20.25086885690689
TXN,2008-09-30,3387000000.0,746000000.0,563000000.0,1016000000.0,12466000000.0,2372000000.0,0.0,1774000000.0,1715000000.0,1052000000.0,855000000.0,-119000000.0,-529000000.0,16.612802162766457
TXN,2008-12-31,2491000000.0,50000000.0,107000000.0,329000000.0,11923000000.0,2597000000.0,0.0,913000000.0,1046000000.0,1118000000.0,1041000000.0,-1273000000.0,-510000000.0,11.344822809100153
TXN,2009-03-31,2086000000.0,10000000.0,17000000.0,255000000.0,11520000000.0,2310000000.0,0.0,1125000000.0,1436000000.0,251000000.0,208000000.0,363000000.0,-224000000.0,10.64699260524062
TXN,2009-06-30,2457000000.0,343000000.0,260000000.0,589000000.0,11510000000.0,2297000000.0,0.0,1244000000.0,1765000000.0,557000000.0,509000000.0,142000000.0,-370000000.0,12.856468791053407
TXN,2009-09-30,2880000000.0,763000000.0,538000000.0,994000000.0,11903000000.0,2465000000.0,0.0,1435000000.0,1294000000.0,834000000.0,608000000.0,-950000000.0,-355000000.0,16.281665310263634
TXN,2009-12-31,3005000000.0,875000000.0,655000000.0,1104000000.0,12119000000.0,2397000000.0,0.0,1277000000.0,1182000000.0,1001000000.0,565000000.0,-651000000.0,-462000000.0,17.107626870274544
TXN,2010-03-31,3205000000.0,950000000.0,658000000.0,1181000000.0,12370000000.0,2565000000.0,0.0,1526000000.0,1217000000.0,710000000.0,491000000.0,-51000000.0,-624000000.0,16.99318807633197
TXN,2010-06-30,3496000000.0,1107000000.0,769000000.0,1338000000.0,12164000000.0,2409000000.0,0.0,1715000000.0,1138000000.0,562000000.0,279000000.0,204000000.0,-845000000.0,17.653954551333474
TXN,2010-09-30,3740000000.0,1227000000.0,859000000.0,1459000000.0,12649000000.0,2687000000.0,0.0,1754000000.0,1093000000.0,1318000000.0,922000000.0,-662000000.0,-701000000.0,17.465223729610443
TXN,2010-12-31,3525000000.0,1230000000.0,942000000.0,1486000000.0,13401000000.0,2964000000.0,0.0,1518000000.0,1319000000.0,1230000000.0,929000000.0,-548000000.0,-456000000.0,21.78456199169159
TXN,2011-03-31,3392000000.0,908000000.0,666000000.0,1149000000.0,13310000000.0,2736000000.0,0.0,1568000000.0,1343000000.0,516000000.0,322000000.0,63000000.0,-555000000.0,24.5584065529608
TXN,2011-06-30,3458000000.0,905000000.0,672000000.0,1141000000.0,17098000000.0,6195000000.0,5397000000.0,1672000000.0,4501000000.0,631000000.0,355000000.0,-544000000.0,3071000000.0,24.216647526574512
TXN,2011-09-30,3466000000.0,814000000.0,601000000.0,1021000000.0,20907000000.0,9881000000.0,5801000000.0,1784000000.0,1581000000.0,1138000000.0,945000000.0,-4694000000.0,636000000.0,20.19977667927742
TXN,2011-12-31,3420000000.0,365000000.0,298000000.0,701000000.0,20497000000.0,9545000000.0,5592000000.0,1545000000.0,992000000.0,971000000.0,818000000.0,-997000000.0,-563000000.0,21.428846328977556
TXN,2012-03-31,3121000000.0,397000000.0,265000000.0,712000000.0,20009000000.0,8938000000.0,5285000000.0,1478000000.0,1193000000.0,449000000.0,346000000.0,270000000.0,-518000000.0,23.616259759472264
TXN,2012-06-30,3335000000.0,598000000.0,446000000.0,922000000.0,19521000000.0,8363000000.0,4703000000.0,1629000000.0,1192000000.0,675000000.0,529000000.0,321000000.0,-997000000.0,21.774046943301247
TXN,2012-09-30,3390000000.0,840000000.0,784000000.0,1191000000.0,20514000000.0,9111000000.0,5690000000.0,1623000000.0,1210000000.0,1202000000.0,1052000000.0,-1441000000.0,257000000.0,20.751875408112056
TXN,2012-12-31,2979000000.0,139000000.0,264000000.0,495000000.0,20021000000.0,9060000000.0,5686000000.0,1230000000.0,1416000000.0,1088000000.0,992000000.0,-189000000.0,-693000000.0,21.508790200756444
TXN,2013-03-31,2885000000.0,395000000.0,362000000.0,710000000.0,19701000000.0,8749000000.0,5683000000.0,1333000000.0,1393000000.0,360000000.0,276000000.0,22000000.0,-405000000.0,24.982801882425942
TXN,2013-06-30,3047000000.0,906000000.0,660000000.0,1212000000.0,19398000000.0,8330000000.0,5165000000.0,1491000000.0,1180000000.0,675000000.0,577000000.0,309000000.0,-1197000000.0,26.664691984653476
TXN,2013-09-30,3244000000.0,844000000.0,629000000.0,1140000000.0,19244000000.0,8193000000.0,5161000000.0,1524000000.0,1435000000.0,1150000000.0,1027000000.0,-211000000.0,-684000000.0,29.195417195558548
TXN,2013-12-31,3028000000.0,687000000.0,511000000.0,1084000000.0,18938000000.0,8131000000.0,5158000000.0,1203000000.0,1627000000.0,1199000000.0,1092000000.0,-123000000.0,-884000000.0,31.684793382883072
TXN,2014-03-31,2983000000.0,690000000.0,487000000.0,1006000000.0,18935000000.0,8315000000.0,5652000000.0,1355000000.0,1565000000.0,462000000.0,385000000.0,-305000000.0,-219000000.0,33.64740649989394
TXN,2014-06-30,3292000000.0,982000000.0,683000000.0,1292000000.0,17810000000.0,7344000000.0,4648000000.0,1527000000.0,1216000000.0,775000000.0,695000000.0,802000000.0,-1926000000.0,35.8243149045914
TXN,2014-09-30,3501000000.0,1175000000.0,826000000.0,1486000000.0,17900000000.0,7429000000.0,4645000000.0,1477000000.0,1306000000.0,1383000000.0,1280000000.0,-383000000.0,-910000000.0,37.02115571498871
TXN,2014-12-31,3269000000.0,1100000000.0,825000000.0,1414000000.0,17722000000.0,7332000000.0,4642000000.0,1246000000.0,1199000000.0,1272000000.0,1147000000.0,-491000000.0,-888000000.0,39.35055989027023
TXN,2015-03-31,3150000000.0,958000000.0,656000000.0,1258000000.0,17346000000.0,6977000000.0,4638000000.0,1394000000.0,1242000000.0,609000000.0,486000000.0,158000000.0,-724000000.0,43.96856314237
TXN,2015-06-30,3232000000.0,1010000000.0,696000000.0,1304000000.0,17532000000.0,7327000000.0,4884000000.0,1434000000.0,1184000000.0,820000000.0,695000000.0,-174000000.0,-704000000.0,43.45972230699327
TXN,2015-09-30,3429000000.0,1164000000.0,798000000.0,1455000000.0,16540000000.0,6570000000.0,4132000000.0,1481000000.0,1133000000.0,1409000000.0,1270000000.0,389000000.0,-1849000000.0,38.69290417432785
TXN,2015-12-31,3189000000.0,1142000000.0,836000000.0,1422000000.0,16230000000.0,6284000000.0,4120000000.0,1165000000.0,1000000000.0,1430000000.0,1266000000.0,-675000000.0,-888000000.0,44.54784655570984
TXN,2016-03-31,3008000000.0,968000000.0,668000000.0,1221000000.0,15686000000.0,5904000000.0,4118000000.0,1269000000.0,1281000000.0,547000000.0,423000000.0,573000000.0,-839000000.0,42.68018878874231
TXN,2016-06-30,3273000000.0,1117000000.0,779000000.0,1365000000.0,15693000000.0,5731000000.0,3612000000.0,1348000000.0,1235000000.0,1069000000.0,911000000.0,65000000.0,-1180000000.0,48.105201840400696
TXN,2016-09-30,3675000000.0,1395000000.0,968000000.0,1636000000.0,16216000000.0,5930000000.0,3611000000.0,1447000000.0,1369000000.0,1413000000.0,1274000000.0,-603000000.0,-676000000.0,55.4911013841629
TXN,2016-12-31,3414000000.0,1319000000.0,1180000000.0,1743000000.0,16431000000.0,5958000000.0,3609000000.0,1267000000.0,1154000000.0,1585000000.0,1475000000.0,-685000000.0,-1115000000.0,58.446904984731525
TXN,2017-03-31,3402000000.0,1252000000.0,997000000.0,1503000000.0,15978000000.0,5339000000.0,3358000000.0,1337000000.0,1073000000.0,795000000.0,668000000.0,267000000.0,-1143000000.0,63.889325418779926
TXN,2017-06-30,3693000000.0,1480000000.0,1056000000.0,1731000000.0,16438000000.0,5730000000.0,3583000000.0,1469000000.0,1140000000.0,917000000.0,766000000.0,-8000000.0,-842000000.0,66.53934987386067
TXN,2017-09-30,4116000000.0,1788000000.0,1285000000.0,2033000000.0,16929000000.0,5941000000.0,3583000000.0,1576000000.0,1296000000.0,1722000000.0,1536000000.0,-488000000.0,-1078000000.0,68.68399132622613
TXN,2017-12-31,3750000000.0,1563000000.0,344000000.0,1795000000.0,17642000000.0,7305000000.0,4077000000.0,1278000000.0,1656000000.0,1929000000.0,1698000000.0,-898000000.0,-671000000.0,81.81029558938647
TXN,2018-03-31,3789000000.0,1548000000.0,1366000000.0,1805000000.0,17507000000.0,6865000000.0,4078000000.0,1454000000.0,1717000000.0,1112000000.0,923000000.0,266000000.0,-1317000000.0,91.49236297607422
TXN,2018-06-30,4017000000.0,1712000000.0,1405000000.0,1969000000.0,18527000000.0,7893000000.0,7277000000.0,1551000000.0,2919000000.0,1826000000.0,1577000000.0,-81000000.0,-543000000.0,91.95474696159364
TXN,2018-09-30,4261000000.0,1937000000.0,1570000000.0,2203000000.0,18573000000.0,8057000000.0,5067000000.0,1585000000.0,1502000000.0,2106000000.0,1736000000.0,-1768000000.0,-1755000000.0,95.0790490044488
TXN,2018-12-31,3717000000.0,1516000000.0,1239000000.0,1788000000.0,17137000000.0,8143000000.0,5068000000.0,1207000000.0,2438000000.0,2145000000.0,1822000000.0,1505000000.0,-2714000000.0,83.34779394240607
TXN,2019-03-31,3594000000.0,1379000000.0,1217000000.0,1673000000.0,17443000000.0,8924000000.0,5807000000.0,1440000000.0,3720000000.0,1107000000.0,856000000.0,1173000000.0,-998000000.0,89.95829472776319
TXN,2019-06-30,3668000000.0,1506000000.0,1305000000.0,1825000000.0,17384000000.0,8898000000.0,5807000000.0,1419000000.0,3813000000.0,1796000000.0,1512000000.0,-258000000.0,-1445000000.0,97.73077332027374
TXN,2019-09-30,3771000000.0,1589000000.0,1425000000.0,1898000000.0,17992000000.0,9007000000.0,5801000000.0,1342000000.0,3893000000.0,1992000000.0,1843000000.0,-914000000.0,-998000000.0,108.36988806724548
TXN,2019-12-31,3350000000.0,1249000000.0,1070000000.0,1552000000.0,18018000000.0,9111000000.0,5803000000.0,1074000000.0,2437000000.0,1754000000.0,1591000000.0,-1921000000.0,-1289000000.0,109.30342781543732
TXN,2020-03-31,3329000000.0,1244000000.0,1174000000.0,1519000000.0,17283000000.0,9549000000.0,6550000000.0,1316000000.0,2518000000.0,851000000.0,690000000.0,826000000.0,-1596000000.0,107.07595271448936
TXN,2020-06-30,3239000000.0,1228000000.0,1380000000.0,1576000000.0,17445000000.0,9801000000.0,6796000000.0,1176000000.0,4294000000.0,1720000000.0,1590000000.0,1437000000.0,-1381000000.0,104.84781961592417
TXN,2020-09-30,3817000000.0,1609000000.0,1353000000.0,1886000000.0,18207000000.0,9882000000.0,6797000000.0,1392000000.0,2822000000.0,1443000000.0,1297000000.0,-2189000000.0,-726000000.0,123.0942438840866
TXN,2020-12-31,4076000000.0,1813000000.0,1688000000.0,2218000000.0,19351000000.0,10164000000.0,7047000000.0,1414000000.0,3107000000.0,2125000000.0,1913000000.0,-996000000.0,-844000000.0,141.80854487419128
TXN,2021-03-31,4289000000.0,1939000000.0,1753000000.0,2226000000.0,19639000000.0,9473000000.0,6250000000.0,1584000000.0,2442000000.0,1850000000.0,1542000000.0,-1109000000.0,-1406000000.0,159.4661042260342
TXN,2021-06-30,4580000000.0,2213000000.0,1931000000.0,2533000000.0,20603000000.0,9450000000.0,6251000000.0,1591000000.0,3649000000.0,2121000000.0,1735000000.0,127000000.0,-1041000000.0,173.00567263648622
TXN,2021-09-30,4643000000.0,2305000000.0,1947000000.0,2573000000.0,23273000000.0,11122000000.0,7739000000.0,1653000000.0,5663000000.0,2428000000.0,1942000000.0,-884000000.0,470000000.0,176.96098828315735
TXN,2021-12-31,4832000000.0,2503000000.0,2138000000.0,2725000000.0,24676000000.0,11343000000.0,8124000000.0,1701000000.0,4631000000.0,2357000000.0,1075000000.0,-2229000000.0,-1160000000.0,179.25517225265503
TXN,2022-03-31,4905000000.0,2563000000.0,2201000000.0,2792000000.0,25276000000.0,11259000000.0,7742000000.0,1795000000.0,3505000000.0,2144000000.0,1701000000.0,-1668000000.0,-1602000000.0,165.7101324758222
